<?xml version="1.0" encoding="UTF-8"?>
<!DOCTYPE html PUBLIC "-//W3C//DTD XHTML 1.0 Transitional//EN"
    "http://www.w3.org/TR/xhtml1/DTD/xhtml1-transitional.dtd">
<html xmlns="http://www.w3.org/1999/xhtml" xml:lang="en" lang="en">
 <head>
  <title>
</title>
<meta http-equiv="Content-Type" content="text/html;charset=utf-8" />
  <meta name='ocr-system' content='tesseract 3.04.00' />
  <meta name='ocr-capabilities' content='ocr_page ocr_carea ocr_par ocr_line ocrx_word'/>
</head>
<body>
  <div class='ocr_page' id='page_1' title='image "./excerptaexscrip02goulgoog_0161.png"; bbox 0 0 2622 4207; ppageno 0'>
   <div class='ocr_carea' id='block_1_1' title="bbox 1051 267 2256 337">
    <p class='ocr_par' dir='ltr' id='par_1_1' title="bbox 1051 267 2256 337">
     <span class='ocr_line' id='line_1_1' title="bbox 1051 267 2256 337; baseline -0.001 -13"><span class='ocrx_word' id='word_1_1' title='bbox 1051 267 1280 337; x_wconf 70' lang='lat' dir='ltr'><strong>LIBER</strong></span> <span class='ocrx_word' id='word_1_2' title='bbox 1307 269 1431 322; x_wconf 87' lang='lat' dir='ltr'><strong>xv.</strong></span> <span class='ocrx_word' id='word_1_3' title='bbox 2140 268 2256 325; x_wconf 76' lang='lat'><strong>147</strong></span> 
     </span>
    </p>
   </div>
   <div class='ocr_carea' id='block_1_2' title="bbox 267 423 2259 3573">
    <p class='ocr_par' dir='ltr' id='par_1_2' title="bbox 303 423 2256 806">
     <span class='ocr_line' id='line_1_2' title="bbox 305 423 1870 513; baseline -0.005 -22"><span class='ocrx_word' id='word_1_4' title='bbox 305 428 609 513; x_wconf 80' lang='lat' dir='ltr'>Tyndaris</span> <span class='ocrx_word' id='word_1_5' title='bbox 636 451 650 490; x_wconf 71' lang='grc' dir='ltr'><em>ε</em></span> <span class='ocrx_word' id='word_1_6' title='bbox 696 443 754 490; x_wconf 89' lang='lat' dir='ltr'><strong>et</strong></span> <span class='ocrx_word' id='word_1_7' title='bbox 785 450 1012 502; x_wconf 86' lang='lat' dir='ltr'><strong>secum,</strong></span> <span class='ocrx_word' id='word_1_8' title='bbox 1044 449 1149 489; x_wconf 91' lang='lat' dir='ltr'><strong>cur</strong></span> <span class='ocrx_word' id='word_1_9' title='bbox 1180 427 1251 489; x_wconf 89' lang='lat' dir='ltr'><strong>sit</strong></span> <span class='ocrx_word' id='word_1_10' title='bbox 1279 427 1366 488; x_wconf 89' lang='lat' dir='ltr'><strong>bis</strong></span> <span class='ocrx_word' id='word_1_11' title='bbox 1397 437 1581 507; x_wconf 88' lang='lat' dir='ltr'><strong>rapta,</strong></span> <span class='ocrx_word' id='word_1_12' title='bbox 1613 423 1870 505; x_wconf 84' lang='lat' dir='ltr'><strong>requirit.</strong></span> 
     </span>
     <span class='ocr_line' id='line_1_3' title="bbox 303 530 2256 617; baseline -0.004 -23"><span class='ocrx_word' id='word_1_13' title='bbox 303 533 581 617; x_wconf 86' lang='lat' dir='ltr'>Tempus</span> <span class='ocrx_word' id='word_1_14' title='bbox 611 535 768 596; x_wconf 85' lang='lat' dir='ltr'>edax</span> <span class='ocrx_word' id='word_1_15' title='bbox 797 556 1018 608; x_wconf 82' lang='lat' dir='ltr'><strong>rerum,</strong></span> <span class='ocrx_word' id='word_1_16' title='bbox 1047 547 1250 615; x_wconf 88' lang='lat' dir='ltr'><strong>tuque,</strong></span> <span class='ocrx_word' id='word_1_17' title='bbox 1279 532 1563 593; x_wconf 89' lang='lat' dir='ltr'><strong>invidiosa</strong></span> <span class='ocrx_word' id='word_1_18' title='bbox 1590 542 1868 603; x_wconf 85' lang='lat' dir='ltr'><strong>vetustaS‚</strong></span> <span class='ocrx_word' id='word_1_19' title='bbox 2136 530 2256 587; x_wconf 85' lang='lat'><strong>170</strong></span> 
     </span>
     <span class='ocr_line' id='line_1_4' title="bbox 305 635 1662 721; baseline -0.003 -21"><span class='ocrx_word' id='word_1_20' title='bbox 305 638 528 700; x_wconf 89' lang='lat' dir='ltr'><strong>Omnia</strong></span> <span class='ocrx_word' id='word_1_21' title='bbox 559 639 884 702; x_wconf 85' lang='lat' dir='ltr'><strong>destruitis:</strong></span> <span class='ocrx_word' id='word_1_22' title='bbox 911 639 1221 721; x_wconf 84' lang='lat' dir='ltr'><strong>vitiataque</strong></span> <span class='ocrx_word' id='word_1_23' title='bbox 1255 637 1525 698; x_wconf 84' lang='lat' dir='ltr'><strong>dentibus</strong></span> <span class='ocrx_word' id='word_1_24' title='bbox 1555 635 1662 698; x_wconf 84' lang='lat' dir='ltr'><strong>aevi</strong></span> 
     </span>
     <span class='ocr_line' id='line_1_5' title="bbox 305 742 1623 806; baseline -0.002 -1"><span class='ocrx_word' id='word_1_25' title='bbox 305 742 599 806; x_wconf 84' lang='lat' dir='ltr'><strong>Paulatim</strong></span> <span class='ocrx_word' id='word_1_26' title='bbox 631 744 796 806; x_wconf 53' lang='lat' dir='ltr'><strong>lenta*</strong></span> <span class='ocrx_word' id='word_1_27' title='bbox 816 744 1154 806; x_wconf 88' lang='lat' dir='ltr'><strong>consumitis</strong></span> <span class='ocrx_word' id='word_1_28' title='bbox 1183 743 1383 805; x_wconf 89' lang='lat' dir='ltr'><strong>omnia</strong></span> <span class='ocrx_word' id='word_1_29' title='bbox 1413 755 1623 804; x_wconf 87' lang='lat' dir='ltr'><strong>morte.</strong></span> 
     </span>
    </p>

    <p class='ocr_par' dir='ltr' id='par_1_3' title="bbox 267 836 2259 2615">
     <span class='ocr_line' id='line_1_6' title="bbox 392 836 1787 929; baseline -0.002 -19"><span class='ocrx_word' id='word_1_30' title='bbox 392 849 492 910; x_wconf 88' lang='lat' dir='ltr'><strong>Ne</strong></span> <span class='ocrx_word' id='word_1_31' title='bbox 522 865 719 911; x_wconf 88' lang='lat' dir='ltr'><strong>tamen</strong></span> <span class='ocrx_word' id='word_1_32' title='bbox 748 851 937 912; x_wconf 91' lang='lat' dir='ltr'><strong>oblitis</strong></span> <span class='ocrx_word' id='word_1_33' title='bbox 969 850 1044 911; x_wconf 84' lang='lat' dir='ltr'><strong>ad</strong></span> <span class='ocrx_word' id='word_1_34' title='bbox 1074 836 1295 910; x_wconf 87' lang='lat' dir='ltr'><strong>metam</strong></span> <span class='ocrx_word' id='word_1_35' title='bbox 1324 848 1571 910; x_wconf 90' lang='lat' dir='ltr'><strong>tendere</strong></span> <span class='ocrx_word' id='word_1_36' title='bbox 1615 847 1787 929; x_wconf 75' lang='lat' dir='ltr'><strong>longe</strong></span> 
     </span>
     <span class='ocr_line' id='line_1_7' title="bbox 301 947 2158 1038; baseline 0 -25"><span class='ocrx_word' id='word_1_37' title='bbox 301 952 723 1036; x_wconf 81' lang='lat' dir='ltr'><strong>Exspatiemur</strong></span> <span class='ocrx_word' id='word_1_38' title='bbox 755 956 921 1038; x_wconf 90' lang='lat' dir='ltr'><strong>equis</strong></span> <span class='ocrx_word' id='word_1_39' title='bbox 946 977 964 1033; x_wconf 81' lang='lat'><em>3</em></span> <span class='ocrx_word' id='word_1_40' title='bbox 993 956 1234 1030; x_wconf 83' lang='lat' dir='ltr'><strong>coelum,</strong></span> <span class='ocrx_word' id='word_1_41' title='bbox 1266 968 1327 1015; x_wconf 91' lang='lat' dir='ltr'><strong>et</strong></span> <span class='ocrx_word' id='word_1_42' title='bbox 1356 947 1751 1035; x_wconf 81' lang='lat' dir='ltr'><strong>quodcunque</strong></span> <span class='ocrx_word' id='word_1_43' title='bbox 1783 953 1890 1014; x_wconf 88' lang='lat' dir='ltr'><strong>sub</strong></span> <span class='ocrx_word' id='word_1_44' title='bbox 1919 950 2018 1013; x_wconf 91' lang='lat' dir='ltr'><strong>illo</strong></span> <span class='ocrx_word' id='word_1_45' title='bbox 2049 964 2158 1026; x_wconf 84' lang='lat' dir='ltr'><strong>est,</strong></span> 
     </span>
     <span class='ocr_line' id='line_1_8' title="bbox 297 1057 2259 1141; baseline -0.001 -23"><span class='ocrx_word' id='word_1_46' title='bbox 297 1057 581 1121; x_wconf 58' lang='lat' dir='ltr'><strong>Immutat‘</strong></span> <span class='ocrx_word' id='word_1_47' title='bbox 605 1059 843 1135; x_wconf 88' lang='lat' dir='ltr'><strong>formas,</strong></span> <span class='ocrx_word' id='word_1_48' title='bbox 873 1061 1183 1141; x_wconf 88' lang='lat' dir='ltr'><strong>tellusque,</strong></span> <span class='ocrx_word' id='word_1_49' title='bbox 1213 1073 1276 1129; x_wconf 87' lang='lat' dir='ltr'><strong>et</strong></span> <span class='ocrx_word' id='word_1_50' title='bbox 1307 1059 1585 1140; x_wconf 87' lang='lat' dir='ltr'><strong>quicquid</strong></span> <span class='ocrx_word' id='word_1_51' title='bbox 1617 1059 1674 1118; x_wconf 91' lang='lat' dir='ltr'><strong>in</strong></span> <span class='ocrx_word' id='word_1_52' title='bbox 1704 1058 1801 1118; x_wconf 68' lang='lat' dir='ltr'><strong>issa</strong></span> <span class='ocrx_word' id='word_1_53' title='bbox 1830 1070 1938 1119; x_wconf 89' lang='lat' dir='ltr'><strong>est.</strong></span> <span class='ocrx_word' id='word_1_54' title='bbox 2143 1061 2216 1117; x_wconf 85' lang='lat'><strong>17</strong></span> <span class='ocrx_word' id='word_1_55' title='bbox 2224 1060 2259 1117; x_wconf 85' lang='lat'>5</span> 
     </span>
     <span class='ocr_line' id='line_1_9' title="bbox 296 1152 2133 1247; baseline -0.002 -22"><span class='ocrx_word' id='word_1_56' title='bbox 296 1162 430 1225; x_wconf 90' lang='lat' dir='ltr'><strong>Nos</strong></span> <span class='ocrx_word' id='word_1_57' title='bbox 462 1152 700 1246; x_wconf 87' lang='lat' dir='ltr'><strong>quoque</strong></span> <span class='ocrx_word' id='word_1_58' title='bbox 730 1185 868 1245; x_wconf 89' lang='lat' dir='ltr'><strong>pars</strong></span> <span class='ocrx_word' id='word_1_59' title='bbox 898 1164 1122 1237; x_wconf 85' lang='lat' dir='ltr'><strong>mundi,</strong></span> <span class='ocrx_word' id='word_1_60' title='bbox 1157 1161 1467 1247; x_wconf 89' lang='lat' dir='ltr'><strong>(quoniam</strong></span> <span class='ocrx_word' id='word_1_61' title='bbox 1495 1185 1611 1224; x_wconf 91' lang='lat' dir='ltr'><strong>non</strong></span> <span class='ocrx_word' id='word_1_62' title='bbox 1642 1183 1893 1245; x_wconf 86' lang='lat' dir='ltr'><strong>corpora</strong></span> <span class='ocrx_word' id='word_1_63' title='bbox 1922 1161 2133 1236; x_wconf 78' lang='lat' dir='ltr'><strong>solum,</strong></span> 
     </span>
     <span class='ocr_line' id='line_1_10' title="bbox 293 1253 1983 1352; baseline 0.002 -26"><span class='ocrx_word' id='word_1_64' title='bbox 293 1253 528 1329; x_wconf 79' lang='lat' dir='ltr'><strong>Verum</strong></span> <span class='ocrx_word' id='word_1_65' title='bbox 560 1268 737 1329; x_wconf 88' lang='lat' dir='ltr'><strong>etiam</strong></span> <span class='ocrx_word' id='word_1_66' title='bbox 766 1260 1037 1331; x_wconf 85' lang='lat' dir='ltr'><strong>volucres</strong></span> <span class='ocrx_word' id='word_1_67' title='bbox 1068 1262 1273 1330; x_wconf 86' lang='lat' dir='ltr'><strong>animae</strong></span> <span class='ocrx_word' id='word_1_68' title='bbox 1305 1265 1526 1344; x_wconf 82' lang='lat' dir='ltr'><strong>sumus,</strong></span> <span class='ocrx_word' id='word_1_69' title='bbox 1558 1269 1736 1352; x_wconf 89' lang='lat' dir='ltr'><strong>inque</strong></span> <span class='ocrx_word' id='word_1_70' title='bbox 1767 1267 1983 1330; x_wconf 87' lang='lat' dir='ltr'><strong>ferinas</strong></span> 
     </span>
     <span class='ocr_line' id='line_1_11' title="bbox 291 1356 2075 1457; baseline 0.001 -26"><span class='ocrx_word' id='word_1_71' title='bbox 291 1356 625 1445; x_wconf 81' lang='lat' dir='ltr'><strong>Possumus</strong></span> <span class='ocrx_word' id='word_1_72' title='bbox 653 1360 738 1433; x_wconf 91' lang='lat' dir='ltr'><strong>ire</strong></span> <span class='ocrx_word' id='word_1_73' title='bbox 771 1364 1000 1448; x_wconf 66' lang='lat' dir='ltr'><strong>domm,</strong></span> <span class='ocrx_word' id='word_1_74' title='bbox 1033 1370 1457 1456; x_wconf 73' lang='lat' dir='ltr'><strong>pecudumque</strong></span> <span class='ocrx_word' id='word_1_75' title='bbox 1488 1375 1544 1435; x_wconf 92' lang='lat' dir='ltr'><strong>in</strong></span> <span class='ocrx_word' id='word_1_76' title='bbox 1573 1388 1816 1457; x_wconf 82' lang='lat' dir='ltr'><strong>pectora</strong></span> <span class='ocrx_word' id='word_1_77' title='bbox 1847 1370 2075 1456; x_wconf 89' lang='lat' dir='ltr'><strong>condi,)</strong></span> 
     </span>
     <span class='ocr_line' id='line_1_12' title="bbox 267 1472 1922 1566; baseline 0.002 -29"><span class='ocrx_word' id='word_1_78' title='bbox 267 1475 585 1566; x_wconf 79' lang='lat' dir='ltr'><strong>·Corpora‚</strong></span> <span class='ocrx_word' id='word_1_79' title='bbox 618 1499 744 1561; x_wconf 82' lang='lat' dir='ltr'><strong>quae</strong></span> <span class='ocrx_word' id='word_1_80' title='bbox 775 1472 999 1561; x_wconf 86' lang='lat' dir='ltr'><strong>possint</strong></span> <span class='ocrx_word' id='word_1_81' title='bbox 1028 1475 1254 1542; x_wconf 88' lang='lat' dir='ltr'><strong>animas</strong></span> <span class='ocrx_word' id='word_1_82' title='bbox 1282 1481 1559 1543; x_wconf 86' lang='lat' dir='ltr'><strong>habuisse</strong></span> <span class='ocrx_word' id='word_1_83' title='bbox 1591 1493 1922 1563; x_wconf 85' lang='lat' dir='ltr'><strong>parentum,</strong></span> 
     </span>
     <span class='ocr_line' id='line_1_13' title="bbox 289 1578 2257 1670; baseline 0.001 -28"><span class='ocrx_word' id='word_1_84' title='bbox 289 1582 415 1645; x_wconf 91' lang='lat' dir='ltr'><strong>Aut</strong></span> <span class='ocrx_word' id='word_1_85' title='bbox 445 1582 706 1659; x_wconf 81' lang='lat' dir='ltr'><strong>fratrum,</strong></span> <span class='ocrx_word' id='word_1_86' title='bbox 727 1599 826 1646; x_wconf 89' lang='lat' dir='ltr'><strong>aut</strong></span> <span class='ocrx_word' id='word_1_87' title='bbox 848 1578 1040 1667; x_wconf 83' lang='lat' dir='ltr'><strong>aliquo</strong></span> <span class='ocrx_word' id='word_1_88' title='bbox 1060 1582 1401 1670; x_wconf 83' lang='lat' dir='ltr'><strong>junctorum</strong></span> <span class='ocrx_word' id='word_1_89' title='bbox 1428 1586 1655 1647; x_wconf 87' lang='lat' dir='ltr'><strong>foedere</strong></span> <span class='ocrx_word' id='word_1_90' title='bbox 1684 1585 1870 1659; x_wconf 83' lang='lat' dir='ltr'><strong>nobiS‚</strong></span> <span class='ocrx_word' id='word_1_91' title='bbox 2139 1588 2257 1644; x_wconf 78' lang='lat'><strong>180</strong></span> 
     </span>
     <span class='ocr_line' id='line_1_14' title="bbox 287 1685 1971 1764; baseline 0 -16"><span class='ocrx_word' id='word_1_92' title='bbox 287 1686 413 1749; x_wconf 90' lang='lat' dir='ltr'><strong>Aut</strong></span> <span class='ocrx_word' id='word_1_93' title='bbox 440 1688 747 1749; x_wconf 90' lang='lat' dir='ltr'><strong>hominum</strong></span> <span class='ocrx_word' id='word_1_94' title='bbox 776 1689 962 1764; x_wconf 75' lang='lat' dir='ltr'><strong>certe,</strong></span> <span class='ocrx_word' id='word_1_95' title='bbox 983 1685 1114 1751; x_wconf 47' lang='lat' dir='ltr'><strong>&#39;tuta</strong></span> <span class='ocrx_word' id='word_1_96' title='bbox 1144 1712 1275 1753; x_wconf 87' lang='lat' dir='ltr'><strong>esse</strong></span> <span class='ocrx_word' id='word_1_97' title='bbox 1310 1705 1370 1752; x_wconf 90' lang='lat' dir='ltr'><strong>et</strong></span> <span class='ocrx_word' id='word_1_98' title='bbox 1397 1692 1644 1752; x_wconf 87' lang='lat' dir='ltr'><strong>honesta</strong></span> <span class='ocrx_word' id='word_1_99' title='bbox 1675 1690 1971 1751; x_wconf 86' lang='lat' dir='ltr'><strong>sinamus:</strong></span> 
     </span>
     <span class='ocr_line' id='line_1_15' title="bbox 286 1791 1751 1874; baseline 0 -21"><span class='ocrx_word' id='word_1_100' title='bbox 286 1791 466 1853; x_wconf 90' lang='lat' dir='ltr'><strong>Neve</strong></span> <span class='ocrx_word' id='word_1_101' title='bbox 495 1791 822 1874; x_wconf 70' lang='lat' dir='ltr'><strong>Thyesteis</strong></span> <span class='ocrx_word' id='word_1_102' title='bbox 851 1795 1224 1856; x_wconf 87' lang='lat' dir='ltr'><strong>cumulemur</strong></span> <span class='ocrx_word' id='word_1_103' title='bbox 1251 1796 1481 1856; x_wconf 86' lang='lat' dir='ltr'><strong>viscera</strong></span> <span class='ocrx_word' id='word_1_104' title='bbox 1511 1794 1751 1855; x_wconf 86' lang='lat' dir='ltr'><strong>mensis.</strong></span> 
     </span>
     <span class='ocr_line' id='line_1_16' title="bbox 283 1895 1914 1981; baseline 0.002 -25"><span class='ocrx_word' id='word_1_105' title='bbox 283 1895 496 1968; x_wconf 68' lang='lat' dir='ltr'><strong>Quam</strong></span> <span class='ocrx_word' id='word_1_106' title='bbox 526 1896 683 1957; x_wconf 74' lang='lat' dir='ltr'><strong>male</strong></span> <span class='ocrx_word' id='word_1_107' title='bbox 714 1898 1068 1972; x_wconf 83' lang='lat' dir='ltr'><strong>consuescit,</strong></span> <span class='ocrx_word' id='word_1_108' title='bbox 1102 1898 1279 1980; x_wconf 71' lang='lat' dir='ltr'><strong>quam</strong></span> <span class='ocrx_word' id='word_1_109' title='bbox 1310 1919 1375 1960; x_wconf 91' lang='lat' dir='ltr'><strong>se</strong></span> <span class='ocrx_word' id='word_1_110' title='bbox 1405 1912 1570 1981; x_wconf 88' lang='lat' dir='ltr'><strong>parat</strong></span> <span class='ocrx_word' id='word_1_111' title='bbox 1593 1898 1687 1959; x_wconf 88' lang='lat' dir='ltr'><strong>ille</strong></span> <span class='ocrx_word' id='word_1_112' title='bbox 1718 1898 1914 1959; x_wconf 88' lang='lat' dir='ltr'><strong>cruori</strong></span> 
     </span>
     <span class='ocr_line' id='line_1_17' title="bbox 281 1999 1617 2086; baseline 0.003 -25"><span class='ocrx_word' id='word_1_113' title='bbox 281 1999 510 2083; x_wconf 88' lang='lat' dir='ltr'><strong>Impius</strong></span> <span class='ocrx_word' id='word_1_114' title='bbox 539 2002 820 2078; x_wconf 88' lang='lat' dir='ltr'><strong>human0‚</strong></span> <span class='ocrx_word' id='word_1_115' title='bbox 851 2002 1010 2064; x_wconf 88' lang='lat' dir='ltr'><strong>vituli</strong></span> <span class='ocrx_word' id='word_1_116' title='bbox 1041 2003 1138 2086; x_wconf 92' lang='lat' dir='ltr'><strong>qui</strong></span> <span class='ocrx_word' id='word_1_117' title='bbox 1168 2017 1401 2086; x_wconf 87' lang='lat' dir='ltr'><strong>guttura</strong></span> <span class='ocrx_word' id='word_1_118' title='bbox 1429 2005 1617 2067; x_wconf 86' lang='lat' dir='ltr'><strong>cultro</strong></span> 
     </span>
     <span class='ocr_line' id='line_1_18' title="bbox 282 2106 2249 2194; baseline 0.004 -27"><span class='ocrx_word' id='word_1_119' title='bbox 282 2106 538 2190; x_wconf 88' lang='lat' dir='ltr'><strong>Rumpit</strong></span> <span class='ocrx_word' id='word_1_120' title='bbox 560 2129 580 2186; x_wconf 84' lang='lat'><em>3</em></span> <span class='ocrx_word' id='word_1_121' title='bbox 610 2120 671 2169; x_wconf 91' lang='lat' dir='ltr'><strong>et</strong></span> <span class='ocrx_word' id='word_1_122' title='bbox 698 2108 972 2171; x_wconf 88' lang='lat' dir='ltr'><strong>immotas</strong></span> <span class='ocrx_word' id='word_1_123' title='bbox 1002 2112 1222 2193; x_wconf 88' lang='lat' dir='ltr'><strong>praebet</strong></span> <span class='ocrx_word' id='word_1_124' title='bbox 1252 2112 1567 2194; x_wconf 80' lang='lat' dir='ltr'><strong>mugitibus</strong></span> <span class='ocrx_word' id='word_1_125' title='bbox 1598 2133 1771 2176; x_wconf 89' lang='lat' dir='ltr'><strong>aures</strong></span> <span class='ocrx_word' id='word_1_126' title='bbox 1797 2114 1811 2173; x_wconf 71' lang='grc' dir='ltr'>ἔ</span> <span class='ocrx_word' id='word_1_127' title='bbox 2133 2116 2249 2175; x_wconf 85' lang='grc'><strong>185</strong></span> 
     </span>
     <span class='ocr_line' id='line_1_19' title="bbox 285 2212 1654 2300; baseline 0.007 -27"><span class='ocrx_word' id='word_1_128' title='bbox 285 2212 407 2273; x_wconf 90' lang='lat' dir='ltr'><strong>Aut</strong></span> <span class='ocrx_word' id='word_1_129' title='bbox 437 2213 534 2294; x_wconf 92' lang='lat' dir='ltr'><strong>qui</strong></span> <span class='ocrx_word' id='word_1_130' title='bbox 561 2214 787 2295; x_wconf 83' lang='lat' dir='ltr'><strong>vagitus</strong></span> <span class='ocrx_word' id='word_1_131' title='bbox 818 2215 1038 2280; x_wconf 87' lang='lat' dir='ltr'><strong>similes</strong></span> <span class='ocrx_word' id='word_1_132' title='bbox 1067 2218 1388 2300; x_wconf 87' lang='lat' dir='ltr'><strong>puerilibus</strong></span> <span class='ocrx_word' id='word_1_133' title='bbox 1417 2219 1654 2282; x_wconf 87' lang='lat' dir='ltr'><strong>haedum</strong></span> 
     </span>
     <span class='ocr_line' id='line_1_20' title="bbox 282 2315 1653 2405; baseline 0.008 -28"><span class='ocrx_word' id='word_1_134' title='bbox 282 2315 585 2379; x_wconf 88' lang='lat' dir='ltr'><strong>Edentem</strong></span> <span class='ocrx_word' id='word_1_135' title='bbox 605 2319 877 2402; x_wconf 83' lang='lat' dir='ltr'><strong>jugulare</strong></span> <span class='ocrx_word' id='word_1_136' title='bbox 907 2336 1101 2405; x_wconf 89' lang='lat' dir='ltr'><strong>potest</strong></span> <span class='ocrx_word' id='word_1_137' title='bbox 1126 2345 1144 2401; x_wconf 83' lang='lat'><em>3</em></span> <span class='ocrx_word' id='word_1_138' title='bbox 1176 2337 1275 2385; x_wconf 89' lang='lat' dir='ltr'><strong>aut</strong></span> <span class='ocrx_word' id='word_1_139' title='bbox 1305 2325 1439 2387; x_wconf 86' lang='lat' dir='ltr'><strong>alite</strong></span> <span class='ocrx_word' id='word_1_140' title='bbox 1471 2326 1653 2401; x_wconf 88' lang='lat' dir='ltr'><strong>vesci,</strong></span> 
     </span>
     <span class='ocr_line' id='line_1_21' title="bbox 281 2420 2050 2512; baseline 0.008 -31"><span class='ocrx_word' id='word_1_141' title='bbox 281 2420 400 2482; x_wconf 86' lang='lat' dir='ltr'><strong>Cui</strong></span> <span class='ocrx_word' id='word_1_142' title='bbox 430 2422 594 2485; x_wconf 88' lang='lat' dir='ltr'><strong>dedit</strong></span> <span class='ocrx_word' id='word_1_143' title='bbox 622 2424 747 2505; x_wconf 91' lang='lat' dir='ltr'><strong>ipse</strong></span> <span class='ocrx_word' id='word_1_144' title='bbox 777 2426 943 2489; x_wconf 86' lang='lat' dir='ltr'><strong>cibos</strong></span> <span class='ocrx_word' id='word_1_145' title='bbox 970 2429 983 2488; x_wconf 93' lang='lat'>!</span> <span class='ocrx_word' id='word_1_146' title='bbox 1018 2442 1301 2509; x_wconf 89' lang='lat' dir='ltr'><strong>quantum</strong></span> <span class='ocrx_word' id='word_1_147' title='bbox 1332 2444 1440 2505; x_wconf 87' lang='lat' dir='ltr'><strong>est,</strong></span> <span class='ocrx_word' id='word_1_148' title='bbox 1473 2431 1633 2512; x_wconf 90' lang='lat' dir='ltr'><strong>quod</strong></span> <span class='ocrx_word' id='word_1_149' title='bbox 1663 2431 1814 2493; x_wconf 88' lang='lat' dir='ltr'><strong>desit</strong></span> <span class='ocrx_word' id='word_1_150' title='bbox 1842 2433 1900 2493; x_wconf 91' lang='lat' dir='ltr'><strong>in</strong></span> <span class='ocrx_word' id='word_1_151' title='bbox 1929 2434 2050 2495; x_wconf 88' lang='lat' dir='ltr'><strong>istis</strong></span> 
     </span>
     <span class='ocr_line' id='line_1_22' title="bbox 280 2526 1898 2615; baseline 0.006 -28"><span class='ocrx_word' id='word_1_152' title='bbox 280 2526 378 2588; x_wconf 90' lang='lat' dir='ltr'><strong>Ad</strong></span> <span class='ocrx_word' id='word_1_153' title='bbox 411 2530 654 2609; x_wconf 90' lang='lat' dir='ltr'><strong>plenum</strong></span> <span class='ocrx_word' id='word_1_154' title='bbox 685 2528 912 2590; x_wconf 85' lang='lat' dir='ltr'><strong>facinus</strong></span> <span class='ocrx_word' id='word_1_155' title='bbox 939 2531 952 2590; x_wconf 70' lang='grc' dir='ltr'>ἔ</span> <span class='ocrx_word' id='word_1_156' title='bbox 987 2530 1105 2612; x_wconf 77' lang='lat' dir='ltr'><strong>quo</strong></span> <span class='ocrx_word' id='word_1_157' title='bbox 1134 2532 1408 2593; x_wconf 87' lang='lat' dir='ltr'><strong>transitus</strong></span> <span class='ocrx_word' id='word_1_158' title='bbox 1435 2534 1571 2594; x_wconf 92' lang='lat' dir='ltr'><strong>inde</strong></span> <span class='ocrx_word' id='word_1_159' title='bbox 1617 2548 1856 2615; x_wconf 87' lang='lat' dir='ltr'><strong>paratur</strong></span> <span class='ocrx_word' id='word_1_160' title='bbox 1885 2538 1898 2597; x_wconf 91' lang='lat'>!</span> 
     </span>
    </p>

    <p class='ocr_par' dir='ltr' id='par_1_4' title="bbox 267 2631 2244 3573">
     <span class='ocr_line' id='line_1_23' title="bbox 364 2631 2244 2721; baseline 0.006 -28"><span class='ocrx_word' id='word_1_161' title='bbox 364 2631 493 2693; x_wconf 91' lang='lat' dir='ltr'><strong>Bos</strong></span> <span class='ocrx_word' id='word_1_162' title='bbox 524 2645 669 2707; x_wconf 88' lang='lat' dir='ltr'><strong>aret,</strong></span> <span class='ocrx_word' id='word_1_163' title='bbox 694 2646 792 2693; x_wconf 87' lang='lat' dir='ltr'><strong>aut</strong></span> <span class='ocrx_word' id='word_1_164' title='bbox 820 2647 1073 2695; x_wconf 89' lang='lat' dir='ltr'><strong>mortem</strong></span> <span class='ocrx_word' id='word_1_165' title='bbox 1105 2636 1428 2698; x_wconf 88' lang='lat' dir='ltr'><strong>senioribus</strong></span> <span class='ocrx_word' id='word_1_166' title='bbox 1472 2637 1717 2721; x_wconf 89' lang='lat' dir='ltr'><strong>imputet</strong></span> <span class='ocrx_word' id='word_1_167' title='bbox 1738 2641 1901 2702; x_wconf 88' lang='lat' dir='ltr'><strong>annis</strong></span> <span class='ocrx_word' id='word_1_168' title='bbox 1929 2663 1945 2701; x_wconf 71' lang='grc' dir='ltr'><strong><em>ε</em></strong></span> <span class='ocrx_word' id='word_1_169' title='bbox 2124 2646 2244 2704; x_wconf 88' lang='grc'><strong>190</strong></span> 
     </span>
     <span class='ocr_line' id='line_1_24' title="bbox 279 2733 1875 2808; baseline 0.006 -12"><span class='ocrx_word' id='word_1_170' title='bbox 279 2733 654 2798; x_wconf 89' lang='lat' dir='ltr'><strong>Horriserum</strong></span> <span class='ocrx_word' id='word_1_171' title='bbox 683 2752 888 2800; x_wconf 87' lang='lat' dir='ltr'><strong>contra</strong></span> <span class='ocrx_word' id='word_1_172' title='bbox 917 2738 1160 2803; x_wconf 83' lang='lat' dir='ltr'><strong>Borean</strong></span> <span class='ocrx_word' id='word_1_173' title='bbox 1190 2741 1318 2804; x_wconf 90' lang='lat' dir='ltr'><strong>ovis</strong></span> <span class='ocrx_word' id='word_1_174' title='bbox 1349 2764 1512 2805; x_wconf 88' lang='lat' dir='ltr'><strong>arma</strong></span> <span class='ocrx_word' id='word_1_175' title='bbox 1555 2744 1875 2808; x_wconf 87' lang='lat' dir='ltr'><strong>ministret:</strong></span> 
     </span>
     <span class='ocr_line' id='line_1_25' title="bbox 275 2838 1832 2935; baseline 0.008 -33"><span class='ocrx_word' id='word_1_176' title='bbox 275 2838 481 2903; x_wconf 88' lang='lat' dir='ltr'><strong>Ubera</strong></span> <span class='ocrx_word' id='word_1_177' title='bbox 509 2844 650 2905; x_wconf 89' lang='lat' dir='ltr'><strong>dent</strong></span> <span class='ocrx_word' id='word_1_178' title='bbox 680 2858 885 2905; x_wconf 86' lang='lat' dir='ltr'><strong>saturae</strong></span> <span class='ocrx_word' id='word_1_179' title='bbox 917 2846 1187 2909; x_wconf 88' lang='lat' dir='ltr'><strong>manibus</strong></span> <span class='ocrx_word' id='word_1_180' title='bbox 1216 2850 1537 2931; x_wconf 87' lang='lat' dir='ltr'><strong>pressanda</strong></span> <span class='ocrx_word' id='word_1_181' title='bbox 1568 2852 1832 2935; x_wconf 86' lang='lat' dir='ltr'><strong>capellae.</strong></span> 
     </span>
     <span class='ocr_line' id='line_1_26' title="bbox 273 2945 1863 3040; baseline 0.01 -33"><span class='ocrx_word' id='word_1_182' title='bbox 273 2945 452 3008; x_wconf 88' lang='lat' dir='ltr'><strong>Retia</strong></span> <span class='ocrx_word' id='word_1_183' title='bbox 480 2969 618 3010; x_wconf 87' lang='lat' dir='ltr'><strong>cum</strong></span> <span class='ocrx_word' id='word_1_184' title='bbox 650 2950 896 3031; x_wconf 85' lang='lat' dir='ltr'><strong>pedicis,</strong></span> <span class='ocrx_word' id='word_1_185' title='bbox 927 2952 1290 3037; x_wconf 84' lang='lat' dir='ltr'><strong>laqueosque</strong></span> <span class='ocrx_word' id='word_1_186' title='bbox 1323 2971 1596 3040; x_wconf 88' lang='lat' dir='ltr'><strong>artesque</strong></span> <span class='ocrx_word' id='word_1_187' title='bbox 1629 2958 1863 3024; x_wconf 87' lang='lat' dir='ltr'><strong>dolosas</strong></span> 
     </span>
     <span class='ocr_line' id='line_1_27' title="bbox 273 3050 1794 3146; baseline 0.011 -34"><span class='ocrx_word' id='word_1_188' title='bbox 273 3050 491 3113; x_wconf 88' lang='lat' dir='ltr'><strong>Tollite</strong></span> <span class='ocrx_word' id='word_1_189' title='bbox 522 3074 536 3112; x_wconf 71' lang='grc' dir='ltr'><strong><em>ε</em></strong></span> <span class='ocrx_word' id='word_1_190' title='bbox 566 3075 678 3115; x_wconf 86' lang='lat' dir='ltr'><strong>nec</strong></span> <span class='ocrx_word' id='word_1_191' title='bbox 707 3055 1010 3117; x_wconf 88' lang='lat' dir='ltr'><strong>volucrem</strong></span> <span class='ocrx_word' id='word_1_192' title='bbox 1040 3059 1262 3122; x_wconf 64' lang='lat' dir='ltr'><strong>viscata.</strong></span> <span class='ocrx_word' id='word_1_193' title='bbox 1290 3059 1467 3124; x_wconf 85' lang='lat' dir='ltr'><strong>fallite</strong></span> <span class='ocrx_word' id='word_1_194' title='bbox 1511 3063 1676 3146; x_wconf 62' lang='lat' dir='ltr'><strong>virga</strong></span> <span class='ocrx_word' id='word_1_195' title='bbox 1703 3088 1717 3128; x_wconf 77' lang='grc' dir='ltr'><strong><em>ε</em></strong></span> <span class='ocrx_word' id='word_1_196' title='bbox 1782 3106 1794 3111; x_wconf 81' lang='lat'><em>-</em></span> 
     </span>
     <span class='ocr_line' id='line_1_28' title="bbox 271 3155 2227 3248; baseline 0.012 -32"><span class='ocrx_word' id='word_1_197' title='bbox 271 3155 407 3218; x_wconf 88' lang='lat' dir='ltr'><strong>Nec</strong></span> <span class='ocrx_word' id='word_1_198' title='bbox 439 3155 759 3221; x_wconf 85' lang='lat' dir='ltr'><strong>formidatis</strong></span> <span class='ocrx_word' id='word_1_199' title='bbox 788 3181 997 3224; x_wconf 87' lang='lat' dir='ltr'><strong>cervos</strong></span> <span class='ocrx_word' id='word_1_200' title='bbox 1025 3162 1305 3226; x_wconf 88' lang='lat' dir='ltr'><strong>includite</strong></span> <span class='ocrx_word' id='word_1_201' title='bbox 1338 3167 1566 3248; x_wconf 85' lang='lat' dir='ltr'><strong>pinnis:</strong></span> <span class='ocrx_word' id='word_1_202' title='bbox 2109 3182 2227 3240; x_wconf 84' lang='lat'><strong>195</strong></span> 
     </span>
     <span class='ocr_line' id='line_1_29' title="bbox 270 3261 1624 3335; baseline 0.01 -13"><span class='ocrx_word' id='word_1_203' title='bbox 270 3261 332 3322; x_wconf 97' lang='lat' dir='ltr'>N</span> <span class='ocrx_word' id='word_1_204' title='bbox 336 3284 408 3323; x_wconf 86' lang='lat' dir='ltr'><strong>ec</strong></span> <span class='ocrx_word' id='word_1_205' title='bbox 440 3264 628 3325; x_wconf 88' lang='lat' dir='ltr'><strong>celate</strong></span> <span class='ocrx_word' id='word_1_206' title='bbox 660 3263 803 3327; x_wconf 89' lang='lat' dir='ltr'><strong>cibis</strong></span> <span class='ocrx_word' id='word_1_207' title='bbox 836 3289 1022 3330; x_wconf 87' lang='lat' dir='ltr'><strong>uncos</strong></span> <span class='ocrx_word' id='word_1_208' title='bbox 1052 3268 1356 3333; x_wconf 87' lang='lat' dir='ltr'><strong>fallacibus</strong></span> <span class='ocrx_word' id='word_1_209' title='bbox 1396 3273 1624 3335; x_wconf 81' lang='lat' dir='ltr'><strong>hamOS.</strong></span> 
     </span>
     <span class='ocr_line' id='line_1_30' title="bbox 267 3364 2220 3465; baseline 0.012 -38"><span class='ocrx_word' id='word_1_210' title='bbox 267 3364 531 3443; x_wconf 81' lang='lat' dir='ltr'><strong>Perdite,</strong></span> <span class='ocrx_word' id='word_1_211' title='bbox 555 3369 602 3430; x_wconf 89' lang='lat' dir='ltr'><strong>si</strong></span> <span class='ocrx_word' id='word_1_212' title='bbox 634 3390 749 3451; x_wconf 89' lang='lat' dir='ltr'><strong>qua</strong></span> <span class='ocrx_word' id='word_1_213' title='bbox 777 3387 1036 3435; x_wconf 87' lang='lat' dir='ltr'><strong>nocent:</strong></span> <span class='ocrx_word' id='word_1_214' title='bbox 1066 3374 1273 3436; x_wconf 83' lang='lat' dir='ltr'><strong>verum</strong></span> <span class='ocrx_word' id='word_1_215' title='bbox 1305 3377 1433 3441; x_wconf 85' lang='lat' dir='ltr'><strong>haec</strong></span> <span class='ocrx_word' id='word_1_216' title='bbox 1455 3400 1694 3464; x_wconf 92' lang='lat' dir='ltr'><strong>quoque</strong></span> <span class='ocrx_word' id='word_1_217' title='bbox 1718 3385 1946 3465; x_wconf 90' lang='lat' dir='ltr'><strong>perdite</strong></span> <span class='ocrx_word' id='word_1_218' title='bbox 1976 3390 2220 3453; x_wconf 79' lang='lat' dir='ltr'><strong>tantum.</strong></span> 
     </span>
     <span class='ocr_line' id='line_1_31' title="bbox 267 3469 1965 3573; baseline 0.01 -38"><span class='ocrx_word' id='word_1_219' title='bbox 267 3469 393 3536; x_wconf 85' lang='lat' dir='ltr'><strong>Ora</strong></span> <span class='ocrx_word' id='word_1_220' title='bbox 422 3489 636 3535; x_wconf 86' lang='lat' dir='ltr'><strong>vacent</strong></span> <span class='ocrx_word' id='word_1_221' title='bbox 666 3478 872 3557; x_wconf 86' lang='lat' dir='ltr'><strong>epulis,</strong></span> <span class='ocrx_word' id='word_1_222' title='bbox 906 3478 1308 3562; x_wconf 87' lang='lat' dir='ltr'><strong>alimentaque</strong></span> <span class='ocrx_word' id='word_1_223' title='bbox 1340 3504 1601 3568; x_wconf 87' lang='lat' dir='ltr'><strong>congrua</strong></span> <span class='ocrx_word' id='word_1_224' title='bbox 1623 3492 1928 3573; x_wconf 88' lang='lat' dir='ltr'><strong>carpant.’&#39;</strong></span> <span class='ocrx_word' id='word_1_225' title='bbox 1949 3493 1965 3521; x_wconf 94' lang='lat'>&#39;</span> 
     </span>
    </p>
   </div>
  </div>
 </body>
</html>
