2622 4207
1085 247 1315 313 LIBER
1351 257 1421 310 V.
2184 261 2263 322 59

316 411 692 498 Praemiaque
723 414 973 499 eripies?
1020 437 1147 499 quae
1179 416 1225 478 si
1252 415 1353 478 tibi
1383 435 1603 498 magna
1631 415 1943 493 videntur3
2176 418 2262 476 25

317 516 421 579 Ex
450 517 560 579 illis
590 518 865 601 scopulis,
897 518 997 581 ubi
1028 531 1193 580 erant
1223 518 1421 594 affixa,
1452 516 1704 601 petisses
1730 539 1745 578 τ

316 619 381 681 N
383 641 497 681 unc
523 620 668 695 sine,
701 620 798 703 qui
828 620 1010 704 petiit,
1038 641 1147 704 per
1178 642 1359 702 quem
1387 641 1505 682 non
1534 621 1679 682 orba
1709 634 2003 696 senectuS,

314 718 527 796 Ferre,
561 722 719 804 quod
750 736 808 784 et
829 722 1048 785 meritis
1077 739 1138 785 et
1165 744 1315 785 voce
1341 736 1431 784 est
1458 735 1700 805 pactus:
1745 735 2004 806 eumque

312 824 454 887 Non
486 826 607 901 tibi,
640 826 746 888 sed
774 841 949 889 certae
980 827 1283 911 praelatum
1311 826 1566 907 intellige
1597 826 1810 889 morti.'

310 928 416 992 Ille
446 930 587 993 nihil
615 932 855 995 contra:
900 933 1008 996 sed
1040 947 1100 995 et
1126 933 1304 1008 hunc,
1338 947 1398 995 et
1419 931 1646 995 Persea
1674 933 1832 993 vultu
2181 935 2262 993 30

310 1036 559 1098 Alterno
588 1052 882 1121 spectanS‚
912 1053 1076 1121 petat
1104 1039 1261 1099 hunc
1292 1038 1536 1118 ignorat,
1568 1058 1640 1098 an
1672 1037 1852 1097 illum.

313 1139 762 1227 Cunctatusque
791 1143 978 1219 brevi,
1011 1156 1337 1204 contortam
1365 1141 1581 1203 viribus
1610 1140 1856 1216 hastam,

257 1230 267 1240 ’
311 1241 586 1316 Quantas
616 1245 702 1306 ira
731 1244 928 1321 dabat,
960 1244 1354 1327 nequicquam
1385 1243 1442 1304 in
1474 1241 1702 1305 Persea
1724 1240 1897 1304 misit.

310 1345 399 1409 Ut
425 1350 580 1411 stetit
607 1349 703 1412 illa
732 1363 902 1428 tor03
948 1350 1136 1413 stratis
1168 1364 1288 1411 tum
1323 1348 1577 1432 denique
1609 1346 1870 1411 Perseus

310 1451 568 1516 Exsiluit
594 1477 610 1515 ε
654 1456 891 1538 teloque
921 1456 1090 1520 ferox
1120 1455 1357 1517 inimica
1384 1455 1630 1516 remisso
2175 1460 2256 1517 35

308 1552 569 1618 Pectora
597 1557 845 1640 rupisset
869 1579 886 1634 3
932 1556 1038 1618 nisi
1067 1543 1199 1639 post
1229 1557 1427 1617 altaria
1457 1556 1721 1618 Phineus

307 1655 457 1719 Isset
483 1679 498 1718 τ
546 1671 605 1719 et
638 1656 996 1740 (indignum)
1031 1658 1319 1718 scelerato
1349 1657 1561 1739 profuit
1592 1679 1713 1720 ara.

306 1755 537 1820 Fronte
567 1771 768 1819 tamen
797 1757 1004 1819 Rhoeti
1034 1779 1152 1817 non
1179 1757 1340 1818 irrita
1368 1759 1565 1839 cuspis
1593 1759 1856 1820 adhaesit.

302 1860 440 1933 Qui
470 1874 784 1943 postquam
814 1859 1050 1934 cecidit,
1080 1858 1419 1942 ferrumque
1450 1881 1529 1922 ex
1558 1882 1692 1923 osse
1722 1862 2018 1924 revulsum
2049 1877 2158 1939 est,

302 1963 592 2047 palpitat,
625 1978 684 2026 et
711 1963 931 2047 positas
961 1964 1256 2048 adspergit
1284 1965 1563 2048 sanguine
1591 1987 1846 2030 mensas.
2110 1993 2114 2000 ·
2174 1972 2258 2032 40

393 2065 563 2128 Tum
593 2065 737 2129 vero
766 2066 1076 2130 indomitas
1107 2067 1362 2131 ardescit
1391 2068 1594 2152 vulgus
1621 2070 1678 2131 in
1708 2071 1841 2148 iraS‚

304 2168 581 2252 Telaque
612 2168 928 2253 conjiciunt
953 2191 968 2230 :
1012 2184 1071 2233 et
1100 2184 1251 2246 sunt,
1283 2172 1379 2255 qui
1412 2171 1665 2257 Cephea
1695 2173 1892 2237 dicant

307 2268 468 2332 Cum
500 2292 720 2353 genero
750 2271 970 2335 debere
1000 2272 1171 2336 mori.
1264 2274 1388 2337 Sed
1420 2275 1615 2338 limine
1644 2276 1784 2338 tecti

310 2373 560 2438 Exierat
590 2373 876 2459 Cepheus
899 2400 918 2456 3
961 2392 1205 2441 testatus
1223 2379 1462 2462 jusque,
1492 2381 1816 2463 fidemque,

310 2476 679 2563 Hospitiique
712 2480 877 2556 deos,‚
910 2503 1002 2556 ea,
1035 2504 1100 2545 se
1124 2484 1490 2564 prohibente,
1520 2485 1764 2545 moveri.
2170 2492 2253 2548 45

392 2580 626 2644 Bellica
654 2580 855 2645 Pallas
886 2581 1074 2656 adest,
1106 2596 1167 2643 et
1195 2583 1445 2664 protegit
1475 2583 1660 2665 aegide
1691 2582 1928 2646 fratrem
1953 2608 1970 2645 t

309 2684 552 2768 Datque
583 2684 830 2747 animos.
922 2683 1074 2748 Erat
1104 2685 1287 2747 lndus
1316 2686 1508 2762 Athis,
1542 2707 1741 2770 quem,
1771 2685 2011 2752 flumine
2045 2688 2254 2774 Gange

310 2785 512 2862 Edita,
537 2785 813 2849 Limnate
842 2787 1036 2850 vitreis
1065 2788 1368 2872 peperisse
1399 2789 1507 2851 sub
1537 2789 1712 2852 antris

307 2885 605 2962 Creditur,
636 2892 904 2976 egregius
931 2891 1162 2956 forma:
1208 2913 1386 2976 quam
1418 2892 1591 2956 divite
1621 2892 1781 2956 cultu

305 2992 607 3076 Augebat,
636 2993 726 3056 bis
757 2995 952 3057 adhuc
982 2994 1207 3057 octonis
1235 2994 1460 3077 integer
1491 2996 1692 3076 annis;
2165 3002 2255 3062 -50

307 3094 556 3160 Indutus
587 3097 965 3180 chlamydem
993 3097 1263 3180 Tyriam,
1295 3119 1473 3179 quarn
1503 3099 1717 3161 limbus
1746 3100 1945 3163 obibat

306 3199 546 3263 Aureus
573 3222 589 3261 t
623 3201 906 3264 ornabant
936 3214 1137 3264 aurata
1165 3197 1402 3263 monilia
1431 3201 1669 3278 collum,

307 3302 394 3368 Et
421 3304 693 3368 madidos
722 3305 964 3389 myrrha
990 3327 1235 3368 curvum
1266 3306 1486 3367 crinale
1518 3306 1776 3389 capillos.

309 3403 415 3467 Ille
446 3405 687 3489 quidem
705 3407 910 3491 jaculo
939 3407 1204 3490 quamvis
1234 3407 1504 3469 distantia
1532 3407 1710 3471 misso

308 3507 528 3592 Figere
560 3511 767 3574 doctus
795 3525 964 3590 erat3
1007 3510 1115 3573 sed
1143 3500 1390 3572 tendere
1422 3509 1645 3574 doctior
1675 3534 1865 3577 arcus.
2171 3519 2252 3577 55

307 3608 472 3673 Tum
502 3632 737 3696 quoque
760 3611 920 3675 lenta
945 3632 1126 3675 manu
1156 3609 1495 3676 flectentem
1523 3633 1747 3679 cornua
1773 3614 2040 3679 Perseus
