2622 4207
364 273 481 332 138
955 264 1705 323 METAMORPHOSEON

352 421 646 504 Corniger
676 423 1015 504 exsequitur
1041 421 1294 485 Veneris
1328 423 1644 485 mandata:
1688 421 1949 505 suisque,

350 528 660 613 Quicquid
687 528 747 589 in
774 525 987 589 AEnefi'
1000 525 1188 589 fuerat
1214 524 1482 603 mortale,
1510 540 1804 610 repurgat,

351 633 438 696 Et
464 634 748 718 respergit
776 633 958 714 aquis·
1049 631 1200 694 Pars
1222 632 1443 714 optima
1470 633 1676 695 restitit
1703 632 1799 693 illi.

350 737 692 803 Lustratum
722 736 972 818 genitrix
1003 735 1194 800 divino
1223 757 1439 818 corpus
1468 737 1653 798 odore

348 842 554 918 Unxit,
586 856 646 904 et
673 839 964 904 ambrosia
991 861 1130 902 cum
1161 840 1319 902 dulci
1347 854 1587 902 nectare
1625 838 1816 901 mixta
2222 842 2307 902 95

347 946 607 1029 Contigit
634 969 721 1022 os,
752 932 1008 1028 fecitque
1039 945 1219 1006 deum
1244 967 1261 1005 ε
1307 966 1484 1027 quem
1524 945 1695 1006 turba
1723 942 1955 1016 Quirini

344 1050 410 1114 N
411 1065 671 1135 uncupat
697 1036 1071 1132 Indigetem3
1113 1049 1452 1132 temploque
1492 1049 1723 1131 arisque
1751 1047 1996 1132 recepit.

433 1155 597 1219 Inde*
614 1157 719 1218 sub
749 1155 991 1218 Ascanii
1022 1154 1237 1216 ditione
1268 1155 1578 1218 binominis
1607 1153 1785 1229 Alba,

345 1262 594 1345 Resque
627 1260 840 1323 Latina
869 1258 1014 1321 fuit:
1060 1260 1329 1322 succedit
1361 1259 1575 1322 Silvius
1601 1260 1718 1322 illi:

344 1367 488 1441 Quo
519 1380 694 1442 satus,
726 1365 961 1447 antiquo
988 1365 1172 1428 tenuit
1199 1365 1447 1447 repetita
1474 1364 1723 1428 Latinus
2177 1368 2305 1426 100

340 1470 603 1534 Nomina
629 1491 768 1533 cum
783 1481 1050 1551 sceptro.
1141 1467 1391 1531 Clarum
1419 1469 1570 1531 subit
1595 1469 1754 1531 Alba
1783 1466 2061 1530 Latinum
2087 1488 2104 1530 ε

341 1574 554 1659 Epitos
583 1597 662 1638 ex
690 1575 787 1636 illo
815 1588 947 1638 est:
990 1587 1122 1658 post
1148 1575 1305 1636 hunc
1337 1572 1742 1657 Capetusque,
1774 1571 2139 1656 Capysque3

281 1706 304 1713 ·
342 1680 470 1743 Sed
500 1679 705 1764 Capys
735 1680 867 1742 ante
899 1678 1021 1742 fuit.
1115 1678 1399 1760 Regnum
1437 1677 1754 1742 Tiberinus
1784 1678 1858 1739 ab
1886 1677 1997 1740 illis

339 1785 559 1869 Cepit3
605 1799 663 1847 et
689 1786 749 1847 in
777 1783 966 1847 Tusci
997 1783 1301 1847 demersus
1330 1782 1581 1846 fluminis
1609 1783 1780 1846 undis

231 1884 234 1889 ¹
338 1889 404 1995 N
404 1891 601 1953 omina
634 1888 772 1953 fecit
801 1911 987 1972 aquae.
1077 1888 1180 1950 De
1210 1911 1326 1972 quo
1369 1888 1802 1972 Remulusque,
1834 1885 2121 1974 feroxque
2171 1894 2309 1951 105

337 1996 561 2057 Acrota
589 2007 720 2056 sunt
747 1994 924 2074 geniti
950 2016 967 2053 ε
1011 1992 1305 2055 Remulus
1349 1995 1626 2057 maturior
1657 1994 1820 2056 annis

333 2097 650 2162 Fulmineo
678 2096 866 2181 periit,
896 2096 1148 2159 imitator
1177 2096 1450 2172 fulminis,
1480 2098 1621 2159 ictu.

336 2201 547 2264 Fratre
579 2223 684 2262 suo
715 2213 1012 2282 sceptrum
1040 2200 1398 2262 moderatior
1437 2202 1662 2263 Acrota
1691 2199 1821 2264 forti

334 2304 546 2367 Tradit
572 2295 864 2366 Ave‘ntino
890 2325 906 2363 ε
952 2303 1050 2387 qui
1081 2323 1196 2386 quo
1237 2303 1529 2386 regnarat,
1562 2301 1778 2366 eodem

333 2408 541 2472 Monte
562 2408 725 2493 jacet
754 2408 972 2492 positus
996 2431 1015 2488 ;
1058 2408 1370 2491 tribuitque
1398 2409 1685 2472 vocabula
1711 2409 1915 2471 monti.
2172 2418 2297 2477 110

331 2513 586 2598 Jamque
616 2513 894 2577 Palatinae
926 2535 1219 2578 summam
1248 2513 1447 2578 Proca
1467 2513 1654 2597 gentis
1681 2514 1954 2578 habebat.

333 2618 509 2702 Rege
540 2621 646 2683 sub
676 2620 793 2683 hoc
822 2619 1094 2708 Pomona
1122 2618 1268 2683 fuit:
1314 2619 1432 2703 qua
1457 2620 1615 2682 nulla
1643 2618 1886 2683 Latinas

331 2724 490 2787 Inter
521 2724 979 2808 Hamadryadas
1008 2725 1188 2788 coluit
1216 2724 1502 2787 sollertius
1531 2726 1747 2801 hortoS,

330 2828 398 2891 N
398 2851 471 2890 ec
501 2827 605 2890 fuit
634 2828 861 2889 arborei
891 2828 1198 2891 studiosior
1226 2828 1405 2889 altera
1427 2826 1602 2890 foetfis
1627 2850 1644 2888 z

329 2930 510 2993 Unde
539 2944 702 2993 tenet
728 2937 966 2992 nomen.
1057 2930 1197 2992 Non
1226 2930 1401 2993 silvas
1426 2931 1543 3006 illa,
1572 2952 1685 2994 nec
1717 2953 1963 3014 amnes3
2164 2941 2280 2998 11¹5

332 3034 466 3098 Rus
496 3048 674 3109 amat,
703 3048 763 3097 et
790 3054 1005 3112 ramos,
1035 3032 1228 3096 felicia
1255 3053 1436 3118 poma
1465 3035 1740 3102 ferentes.

333 3139 471 3204 Nec
491 3139 690 3224 jaculo
720 3139 910 3222 gravis
938 3152 1047 3215 est,
1078 3140 1184 3203 sed
1226 3140 1460 3204 adunca
1487 3143 1733 3207 dextera
1760 3141 1952 3207 falce:

334 3242 478 3316 Qua
505 3242 684 3305 modo
711 3244 1004 3307 luxuriem
1028 3244 1255 3327 premit,
1287 3258 1348 3306 et
1376 3245 1677 3327 spatiantia
1704 3249 1919 3330 passim

330 3345 591 3409 Brachia
617 3349 979 3431 compescit:
1023 3348 1160 3412 fissa
1187 3348 1370 3411 modo
1397 3349 1616 3412 cortice
1646 3351 1866 3435 virgam

328 3449 555 3527 Inserit,
587 3465 647 3514 et
674 3474 885 3515 succos
914 3454 1102 3515 alieno
1130 3466 1364 3537 praestat
1383 3453 1638 3517 alumno.
2155 3462 2275 3521 120

329 3555 393 3619 N
395 3576 466 3618 ec
495 3555 705 3639 patitur
734 3556 946 3618 sentire
975 3557 1125 3619 sitim
1149 3580 1192 3621 ι-
1211 3558 1538 3642 bibulaeque
1579 3580 1852 3624 recurvas

326 3659 575 3730 Radicis
602 3661 777 3725 fibras
803 3661 1129 3725 labentibus
1155 3662 1353 3745 irrigat
1382 3662 1571 3727 undis.
