2622 4207
351 315 378 372 1
393 313 477 373 06
948 295 1707 362 METAMORPHOSEON

340 460 605 530 Pectore
632 466 692 529 in
721 485 887 529 arma
911 463 1043 540 seri,
1071 474 1473 547 praetentaque
1503 457 1621 520 tela
1648 455 1895 531 leones3

350 571 455 637 Sic
486 573 586 637 ubi
616 594 682 637 se
711 573 898 637 ventis
927 573 1245 635 admiserat
1270 569 1434 632 unda
1459 565 1698 636 coortis,

344 678 477 743 Ibat
503 681 562 742 in
592 701 758 743 arma
784 679 961 757 ratis;
1004 675 1308 759 multoque
1339 687 1467 738 erat
1495 673 1660 736 altior
1688 670 1817 733 illis.

344 783 602 868 Jamque
630 785 830 847 labant
856 784 1051 860 cunei,
1081 781 1449 866 spoliataque
1478 777 1917 862 tegmine'cerae

345 889 530 954 Rima
557 903 758 974 patet3
802 890 1142 974 praebetque
1171 884 1626 950 viamletalib'us
1652 882 1846 945 undis.

346 992 521 1058 Ecce
544 996 767 1058 cadunt
794 995 940 1078 largi
967 990 1252 1058 resolutis
1267 990 1520 1055 nubibus
1541 990 1760 1052 imbres
1781 1006 1799 1048 ε

345 1099 535 1184 Inque
565 1100 781 1165 fretum
813 1102 1027 1164 credas
1055 1114 1243 1163 totum
1272 1096 1644 1162 descendere
1673 1092 1896 1156 coelum
1921 1113 1938 1153 z

344 1207 536 1292 Inque
567 1209 770 1293 plagas
799 1209 937 1272 coeli
966 1206 1363 1270 tumefactum·
1385 1202 1752 1267 adscendere
1781 1214 2046 1283 pontum.

346 1311 502 1378 Vela
532 1316 775 1378 madent
803 1315 1050 1393 nimbis3
1096 1328 1318 1376 etcum
1349 1309 1688 1372 coelestibus
1718 1303 1891 1370 undis

347 1418 667 1502 AEquoreae
698 1418 1019 1482 miscentur
1049 1440 1237 1502 aquae.
1327 1416 1517 1494 Caret
1538 1415 1767 1498 ignibus
1798 1414 2021 1493 aether3

353 1522 657 1609 Caecaque
686 1547 809 1588 nox
839 1527 1124 1609 premitur
1150 1524 1410 1588 tenebris
1436 1517 1766 1606 hiemisque
1797 1521 2054 1604 suisque.

346 1629 688 1694 Discutiunt
715 1645 916 1694 tamen
943 1632 1071 1710 has»,
1101 1628 1791 1717 praebentquemicantia
1817 1622 2020 1691 lumen

347 1734 630 1801 Fulmina
655 1760 673 1801 ε
717 1737 1009 1803 fulmineis
1039 1741 1356 1804 ardescunt
1384 1738 1613 1824 ignibus
1643 1737 1838 1800 undae.

345 1840 474 1908 Dat
504 1867 740 1930 quoque
760 1846 892 1932 jam
923 1848 1103 1911 saltus
1130 1847 1278 1910 intra
1308 1868 1459 1910 cava
1489 1859 1654 1909 texta
1683 1845 1893 1908 carinae

348 1948 600 2016 Fluctus
626 1976 642 2013 ε
687 1967 766 2028 et,
797 1968 861 2016 ut
888 1954 1079 2031 miles,
1108 1976 1361 2018 numero
1389 1953 1749 2036 praestantior
1783 1950 1965 2026 omni,

351 2053 514 2120 Csim
542 2080 698 2142 saepe
731 2057 964 2121 adsiluit
993 2058 1260 2122 desensae
1290 2058 1586 2120 moenibus
1615 2057 1794 2131 urbita,

351 2160 479 2245 Spe
509 2163 723 2245 potitur
751 2164 993 2225 tandem
1018 2185 1038 2240 3
1083 2163 1392 2244 laudisque
1425 2183 1714 2224 accensus
1744 2181 1948 2223 amore

348 2266 509 2331 Inter
535 2268 696 2332 ,mille
726 2268 901 2344 viroS‚
932 2287 1169 2329 murum
1199 2281 1399 2330 tamen
1430 2280 1687 2351 occupat
1713 2287 1865 2328 unus
1891 2287 1908 2325 ε

351 2372 455 2436 Sic
486 2372 585 2434 ubi
615 2371 917 2456 pulsarunt
947 2393 1117 2438 acres
1145 2375 1332 2437 latera
1362 2374 1547 2436 ardua
1576 2372 1789 2435 fluctus
1813 2394 1831 2450 3

351 2475 592 2543 Vastius
619 2479 925 2565 insurgens
947 2481 1195 2545 decimae
1223 2481 1341 2544 ruit
1369 2480 1622 2565 impetus
1652 2480 1864 2543 undae:

351 2573 496 2651 Nec
523 2586 684 2671 prius
714 2588 935 2652 absistit
964 2588 1181 2653 fessam
1211 2609 1557 2674 oppugnare
1587 2589 1872 2663 carinam,

352 2690 559 2767 Quam
581 2695 743 2758 velut
769 2695 828 2757 in
857 2710 1043 2780 captae
1075 2697 1405 2761 descendat
1432 2696 1653 2761 moenia
1680 2693 1864 2757 navis.

352 2798 507 2863 Pars
534 2801 706 2883 igitur
735 2802 995 2863 tentabat
1017 2802 1212 2863 adhuc
1240 2802 1524 2863 invadere
1546 2802 1751 2885 pinum
1774 2823 1795 2880 3

2186 667 2318 726 150

2185 1199 2310 1259 155

2191 1733 2315 1794 160

2196 2268 2312 2329 165

2192 2802 2312 2861 170

353 2902 508 2968 Pars
537 2906 714 2967 maris
741 2905 895 2966 intus
924 2919 1068 2967 erat.
1159 2904 1496 2989 Trepidant
1522 2906 1683 2969 haud
1713 2889 1949 2989 segnius
1977 2925 2206 2980 omneS‚

357 3007 559 3082 Quam
591 3010 741 3071 solet
767 3009 927 3086 urbs,
958 3009 1083 3072 aliis
1111 3030 1350 3073 murum
1380 3011 1733 3081 fodientibus
1761 3013 1951 3089 extra,

353 3114 557 3197 Atque
587 3114 712 3177 aliis
741 3136 997 3194 murum,
1028 3115 1348 3203 trepidare,
1377 3121 1712 3184 tenentibus
1740 3121 1915 3184 intus.

353 3218 581 3284 Deficit
610 3242 745 3284 ars:
792 3222 1086 3307 animique
1115 3224 1339 3287 cadunt
1365 3247 1380 3286 t
1423 3216 1788 3308 totidemque
1819 3225 2108 3299 videntur,

356 3324 529 3398 Quot
556 3327 791 3390 veniant
818 3326 1051 3407 fluctus,
1080 3350 1255 3392 ruere
1287 3343 1463 3413 atque
1493 3329 1820 3414 irrumpere
1851 3344 2092 3393 mortes.

358 3430 501 3495 Non
530 3445 693 3495 tenet
719 3434 816 3497 hic
843 3436 1182 3519 lacrymas:
1226 3449 1421 3520 stupet
1449 3435 1586 3499 hic:
1631 3448 1806 3499 vocat
1831 3436 1928 3499 ille
1957 3436 2185 3512 beatos,

358 3534 603 3601 Funera
632 3559 780 3621 quos
801 3553 1081 3604 maneant
1106 3562 1121 3602 t
1164 3540 1262 3604 hic
1290 3542 1439 3605 votis
1466 3562 1687 3604 numen
1718 3541 1926 3605 adorat
1951 3563 1967 3603 z

360 3641 741 3728 Brachiaque
773 3644 851 3706 ad
880 3645 1123 3721 coelnm,
1154 3645 1313 3730 quod
1342 3667 1460 3711 non
1488 3647 1669 3724 videt,
1701 3647 1860 3712 irrita
1887 3644 2101 3709 tollens

358 3745 564 3813 Poscit
584 3770 807 3834 opem:
851 3749 1104 3854 subeunt
1130 3749 1211 3814 illi
1239 3749 1564 3837 fratresque
1594 3774 1927 3838 parensque
1951 3774 1971 3832 ς

2191 3331 2312 3390 175
