2622 4207
353 289 441 352 70
949 277 1706 340 METAMORPHOSEON

356 441 497 506 Nee
526 418 687 505 cedit
712 441 821 505 nisi
851 455 1007 505 sorte
1035 435 1225 502 mihi?
1273 437 1403 500 sed
1432 450 1601 514 tanta,
1620 435 1842 518 cupido

361 548 429 611 Si
455 548 558 612 tibi
589 548 818 611 discidii
842 571 861 626 3
904 558 1135 629 repetat
1162 543 1526 627 Proserpina
1553 541 1778 605 coelum
1805 561 1821 601 ε

358 652 531 736 Lege
560 667 760 716 tamen
790 649 993 729 certa3
1038 650 1085 713 si
1107 649 1297 712 nullos
1327 648 1566 730 contigit
1592 645 1711 708 illic

360 757 487 820 Ore
517 758 682 820 cibos
707 779 724 818 ε
766 778 906 819 nam
936 756 1021 819 sic
1050 754 1382 818 Parcarum
1411 752 1641 815 soedere
1672 763 1915 813 cautum
1944 748 2077 812 est.'

443 863 719 927 Dixerat.
807 864 891 924 At
911 860 1123 924 Cereri
1154 874 1385 923 certum
1416 872 1507 921 est
1535 858 1798 920 educere
1827 869 2049 919 natam.
2187 857 2324 915 370

358 969 502 1034 Non
529 969 610 1032 ita
639 968 759 1034 fata
788 969 981 1033 sinunt
1006 990 1022 1030 ι
1069 967 1346 1050 quoniam
1366 964 1593 1050 jejunia
1621 963 1786 1045 virgo

362 1076 673 1140 Solverat:
719 1090 798 1153 et,
830 1076 1001 1139 cultis
1031 1075 1172 1137 dum
1204 1073 1458 1156 simplex
1489 1083 1646 1133 errat
1673 1069 1734 1131 in
1760 1067 1963 1144 hortis,

362 1182 718 1246 Poeniceum
748 1181 932 1246 curva
962 1182 1344 1264 decerpserat
1372 1179 1581 1244 arbore
1609 1196 1893 1261 pomum:

362 1289 732 1372 Sumptaque
762 1287 1262 1376 pallentixseptem
1293 1286 1371 1347 de
1399 1284 1622 1347 cortice
1655 1304 1841 1365 grana
1925 1290 1928 1297 s

359 1392 672 1456 Presserat
698 1414 801 1455 ore
833 1414 978 1455 suo:
1024 1392 1300 1475 solusque
1333 1412 1413 1452 ex
1441 1389 1713 1452 omnibus
1740 1387 1884 1450 illud
2188 1387 2321 1446 375

357 1495 609 1562 Viderat
635 1498 1044 1582 Ascalaphus:
1090 1518 1270 1582 quem
1302 1497 1602 1581 quondam
1632 1495 1841 1558 dicitur
1870 1492 2140 1578 Orphne,

352 1604 516 1669 Inter
546 1605 878 1669 Avernales
905 1605 1069 1668 haud
1097 1602 1459 1687 ignotissima
1486 1603 1802 1688 nymphas,

358 1708 467 1776 Ex
496 1712 838 1776 Acheronte
870 1732 976 1775 suo
1006 1709 1187 1774 furvis
1214 1710 1521 1795 peperisse
1551 1709 1662 1772 sub
1691 1708 1890 1787 antris.

363 1815 531 1881 Vidit
557 1841 573 1880 ε
617 1832 679 1882 et
706 1817 924 1881 indicio
951 1818 1210 1882 reditum
1239 1816 1498 1881 crudelis
1528 1814 1771 1879 ademit.

362 1922 661 2007 Ingemuit
688 1926 894 2008 regina
922 1922 1150 2004 Erebi3
1193 1938 1527 2007 testemque
1556 1920 1867 2005 profanam
2197 1918 2328 1980 380

364 2026 543 2092 Fecit
573 2049 746 2089 avem
769 2050 785 2087 z
831 2047 1221 2112 sparsumque
1248 2042 1433 2107 caput
1462 2023 1963 2107 Phlegethontide
1991 2020 2240 2107 lympha

365 2131 439 2196 ln
464 2147 737 2206 rostrum,
769 2145 829 2193 et
855 2129 1109 2212 plumas,
1139 2142 1201 2191 et
1227 2129 1475 2210 grandia
1501 2127 1725 2191 lumina
1751 2126 1955 2190 vertit.»

358 2235 470 2299 Ille
497 2236 605 2298 sibi
635 2234 862 2298 ablatus
884 2231 1056 2296 fulvis
1085 2232 1356 2295 amicitur
1386 2234 1462 2296 ab
1485 2232 1632 2312 alis3

334 2369 338 2373 ·
363 2341 553 2423 Inque
581 2353 763 2424 caput
790 2339 1042 2418 crescit3
1083 2338 1413 2422 longosque
1441 2338 1763 2403 reflectitur
1789 2357 2020 2423 ungues
2044 2360 2067 2419 3

358 2444 599 2531 Vixque
629 2460 831 2511 movet
856 2459 1023 2510 natas
1051 2467 1158 2530 per
1186 2445 1399 2509 inertia
1425 2446 1670 2510 brachia
1695 2466 1966 2531 pennas3
2196 2447 2329 2508 385

363 2550 679 2639 Foedaque
709 2554 775 2617 fit
801 2553 1075 2630 volucris,
1102 2552 1330 2615 venturi
1361 2553 1567 2616 nuntia
1593 2551 1808 2630 luctus»,

360 2658 616 2744 Ignavus
644 2662 825 2737 bubo,
854 2659 1047 2723 dirum
1077 2655 1419 2723 mortalibus
1447 2680 1650 2723 omen.

448 2768 533 2829 At
559 2766 792 2828 medius
822 2763 1128 2847 fratrisque
1158 2765 1249 2827 sui
1276 2780 1624 2849 moestaeque
1654 2764 1867 2829 sororis

359 2870 591 2954 Jupiter
618 2891 699 2931 ex
729 2888 896 2951 aequo
926 2870 1260 2932 volventem
1289 2870 1497 2934 dividit
1522 2893 1765 2934 annum.

363 2975 546 3040 Nunc
575 2976 709 3050 dea,
739 2994 1056 3056 regnorum
1085 2996 1305 3038 numen
1336 2997 1657 3040 commune
1689 2976 1963 3051 duorum,
2196 2972 2326 3034 390

361 3081 523 3146 Cum
552 3093 740 3144 matre
771 3092 862 3143 est
887 3080 1155 3157 totidem,
1177 3081 1426 3144 totidem
1457 3104 1597 3146 cum
1628 3081 1879 3168 conjuge
1908 3099 2167 3144 menses.
2359 3062 2376 3071 ⁸

360 3185 620 3251 Vertitur
649 3186 954 3270 extemplo
982 3184 1186 3263 facies,
1217 3201 1278 3249 et
1304 3189 1540 3264 mentiS,
1571 3200 1632 3251 et
1658 3187 1777 3252 oris
1804 3211 1820 3250 ε

359 3290 546 3369 Nam,
575 3292 757 3355 modo
786 3314 914 3377 quae
945 3305 1177 3377 poterat
1204 3291 1332 3354 Diti
1361 3313 1598 3377 quoque
1626 3307 1843 3357 moesta
1863 3292 2070 3369 videri,

360 3396 532 3464 Laeta
559 3398 687 3460 deae
719 3397 879 3464 frons
908 3413 999 3462 est
1031 3423 1047 3461 ι
1091 3412 1156 3462 ut
1183 3399 1291 3474 sol,
1325 3398 1425 3482 qui
1454 3411 1644 3461 tectus
1675 3397 1912 3482 aquosis

360 3502 635 3570 Nubibus
665 3503 797 3566 ante
827 3502 952 3580 fuit,
983 3504 1150 3569 victis
1180 3503 1278 3568 ubi
1306 3504 1561 3567 nubibus
1589 3503 1738 3568 exit.
2195 3505 2326 3564 395
