2622 4207
434 274 550 331 174
1273 264 1515 320 FASTI.

424 421 551 485 Sex
581 421 836 498 Remus,
867 421 961 484 hic
991 421 1260 484 volucres
1289 421 1378 484 bis
1406 442 1517 484 sex
1545 422 1705 484 videt
1732 421 1937 484 ordine
1963 443 1980 481 τ
2020 435 2200 505 pacto

510 527 709 590 Statur
735 550 751 588 z
780 541 841 589 et
869 526 1165 589 arbitrium
1193 525 1489 589 Romulus
1518 527 1676 590 urbis
1697 526 1892 589 habet.
2283 527 2360 588 90

423 633 584 716 Apta
612 632 737 695 dies
764 632 990 714 legitur,
1023 628 1142 712 qua
1170 632 1388 694 moenia
1415 632 1605 714 signet
1626 645 1849 695 aratro.⁴
2258 624 2261 627 ’

513 736 703 799 Sacra
730 734 890 797 Palis
918 735 1232 799 suberant:
1260 736 1400 798 inde
1428 749 1697 799 movetur
1724 758 1895 820 opus.

423 841 569 903 Inde
599 861 873 924 premens
901 840 1107 902 stivam
1139 841 1407 925 designat
1432 842 1651 904 moenia
1680 842 1846 904 sulco
1871 863 1888 902 ε

509 945 664 1008 Alba
697 946 909 1031 jugum
938 946 1110 1008 niveo
1139 967 1278 1008 cum
1305 947 1459 1010 bove
1488 967 1674 1010 vacca
1701 947 1847 1009 tulit.

427 1048 563 1114 Vox
591 1049 697 1112 fuit
722 1051 852 1113 haec
882 1049 1112 1132 Regis:
1157 1058 1174 1087 ‘
1198 1049 1518 1127 Condenti,
1546 1050 1795 1135 Jupiter,
1826 1051 2053 1126 urbem,
2281 1053 2359 1112 95

507 1155 592 1218 Et
620 1156 845 1239 genitor
873 1154 1133 1232 MavorS,
1164 1153 1470 1240 Vestaque
1509 1170 1715 1231 mater,
1747 1156 1890 1218 ades
1917 1178 1932 1215 :

424 1259 712 1343 Quosque
741 1261 906 1344 pium
934 1274 1024 1322 est
1052 1260 1335 1323 adhibere
1364 1261 1530 1336 deoS,
1561 1261 1845 1324 advertite
1883 1259 2078 1322 cuncti
2105 1281 2122 1319 ι

507 1366 865 1449 Auspicibus
893 1365 1059 1427 vobis
1086 1366 1202 1428 hoc
1231 1366 1374 1427 mihi
1403 1378 1599 1448 surgat
1634 1387 1805 1449 opus.

421 1468 635 1553 Longa
662 1471 733 1532 sit
761 1469 896 1532 huic
928 1482 1085 1544 aetas,
1116 1469 1484 1553 dominaeque
1514 1471 1772 1554 potentia
1812 1483 1977 1532 terrae
2003 1490 2021 1529 ι

506 1574 712 1657 Sitque
742 1574 850 1636 sub
890 1572 1006 1636 hac
1034 1574 1232 1636 oriens
1259 1575 1664 1658 occiduusque
1696 1574 1845 1638 dies.
2243 1576 2361 1634 100

423 1679 526 1743 Ille
553 1681 922 1763 precabatur.
1010 1678 1261 1741 Tonitru
1290 1679 1456 1742 dedit
1482 1681 1679 1742 omina
1705 1680 1854 1742 laevo

508 1784 735 1869 Jupiter
761 1807 777 1846 t
822 1798 882 1847 et
908 1784 1054 1847 laevo
1083 1782 1325 1848 fulmina
1355 1785 1532 1848 missa
1558 1786 1720 1869 polo.

421 1892 686 1976 Augurio
713 1890 825 1953 laeti
859 1891 1087 1975 jaciunt
1114 1888 1454 1954 fundamina
1476 1891 1636 1954 cives
1658 1914 1678 1970 3

508 1995 593 2058 Et
620 2017 805 2058 novus
827 1996 1045 2078 exiguo
1072 2009 1341 2081 tempore
1368 2018 1571 2059 murus
1600 2009 1745 2059 erat.

422 2100 561 2164 Hoc
589 2099 772 2164 Celer
799 2114 970 2184 urget
996 2122 1164 2183 opus,
1196 2122 1376 2184 quem
1406 2099 1699 2164 Romulus
1728 2102 1853 2185 ipse
1875 2098 2117 2164 vocarat
2140 2121 2160 2178 3
2238 2101 2352 2160 105

507 2214 524 2243 ‘
547 2204 813 2287 Sintque,
845 2204 1048 2279 Celer,
1079 2206 1277 2280 curae,’
1307 2205 1558 2280 dixerat,
1605 2205 1749 2268 ‘ista
1770 2207 1929 2269 tuae.'

417 2309 590 2371 Neve
621 2309 749 2391 quis
778 2321 877 2370 aut
904 2329 1124 2384 mur03,
1156 2322 1255 2372 aut
1271 2301 1492 2372 l'actam
1523 2330 1762 2372 vomere
1791 2309 2016 2373 fossam

503 2411 834 2475 Transeat:
865 2413 1181 2475 audentem
1209 2413 1346 2476 talia
1375 2414 1713 2476 dedeneci.
1954 2489 1957 2492 Ι

419 2517 603 2593 Quod
634 2518 867 2581 Remus
894 2518 1186 2602 ignoranS,
1215 2519 1466 2582 humiles
1494 2536 1878 2584 contemnere
1900 2542 2103 2584 muros

506 2623 750 2709 Coepit:
780 2636 858 2700 et,
889 2630 906 2660 ‘
933 2622 1045 2686 His
1073 2624 1367 2708 populus,’
1395 2624 1614 2701 dicere,
1646 2633 1663 2663 ‘
1685 2639 1841 2689 tutus
1871 2625 2026 2689 erit?
2053 2627 2070 2657 ’
2231 2628 2348 2688 110

418 2729 481 2793 N
484 2751 556 2792 ec
588 2750 773 2804 mora,
800 2728 1098 2790 transiluit.
1185 2727 1380 2790 Rutro
1404 2728 1584 2792 Celer
1611 2745 1864 2814 occupat
1885 2751 2116 2793 ausum.

503 2833 610 2895 Ille
637 2832 850 2916 premit
880 2831 1086 2893 duram
1118 2832 1589 2913 sanguinolentus
1615 2834 1882 2897 humum.

420 2936 573 3000 Haec
600 2935 699 2997 ubi
729 2933 872 2996 Rex
901 2933 1121 3008 didicit,
1150 2934 1445 3017 lacrymas
1472 2937 1750 3002 introrsus
1776 2941 2013 3003 obortas

504 3038 790 3112 Devorat,
820 3049 881 3099 et
905 3036 1168 3101 clausum
1191 3053 1436 3122 pectore
1461 3042 1669 3107 vulnus
1696 3044 1895 3107 habet.

422 3143 599 3208 Flere
628 3142 823 3228 palam
852 3163 969 3205 non
995 3141 1135 3219 vult,
1165 3146 1560 3229 exemplaque
1589 3146 1755 3210 sortia
1782 3161 2020 3211 servat:
2231 3151 2345 3212 115

510 3257 527 3286 ‘
550 3249 769 3332 Sicque
799 3269 965 3311 meos
987 3270 1187 3312 muros
1213 3263 1467 3313 transeat
1496 3252 1716 3328 hostis,’
1739 3253 1839 3316 ait.

422 3353 546 3417 Dat
571 3367 769 3415 tamen
797 3354 1144 3437 exsequias:
1171 3376 1282 3417 nec
1317 3356 1446 3440 jam
1476 3356 1835 3439 suspendere
1862 3356 2069 3421 fletum

439 3443 448 3454 ’ἕ
513 3458 771 3523 Sustinet
798 3481 818 3538 3
876 3471 937 3521 et
960 3458 1147 3541 pietas
1176 3459 1529 3522 dissimulata
1559 3473 1736 3543 patet.

424 3564 766 3647 Osculaque
794 3563 1071 3646 applicuit
1099 3563 1286 3646 posito
1316 3584 1589 3647 suprema
1618 3563 1832 3628 feretro
1859 3589 1877 3627 τ

513 3670 712 3754 Atque
741 3668 861 3731 ait:
892 3673 908 3704 ‘
930 3666 1117 3731 Invito
1144 3665 1323 3730 frater
1350 3667 1645 3751 adempte,
1676 3669 1852 3732 vale?
2231 3675 2351 3732 120
