2622 4207
919 511 1682 590 ‚HEROIDEs.

1168 752 1435 767 μ

1021 927 1468 991 EPISTOLA
1509 926 1563 989 Ι.

999 1114 1343 1155 PENELOPE
1393 1113 1550 1153 ULYS
1559 1114 1635 1153 Sl.

306 1237 506 1303 HANG
538 1254 638 1301 tua
670 1239 980 1324 Penelope
1001 1240 1160 1303 lento
1189 1241 1290 1304 tibi
1320 1239 1509 1315 mittit,
1540 1237 1781 1321 Ulysse.

395 1344 502 1407 Nil
529 1345 670 1407 mihi
699 1346 989 1409 rescribas
1020 1360 1082 1409 ut
1110 1361 1309 1409 tamen
1328 1368 1354 1408 ·:
1384 1346 1510 1429 ipse
1543 1345 1697 1407 veni.

298 1447 490 1533 Troja
524 1450 689 1534 jacet
717 1452 899 1527 certe,
937 1452 1161 1515 Danais
1191 1452 1376 1515 invisa
1414 1450 1645 1534 puellis.

389 1553 512 1617 Vix
545 1556 820 1619 Priamus
850 1558 1009 1630 tanti,
1042 1572 1282 1640 totaque
1313 1556 1523 1640 Troja‚
1554 1555 1681 1616 fuit.

305 1656 573 1732 Quando
604 1682 718 1741 ego
745 1682 865 1722 non
893 1662 1060 1722 timui
1092 1663 1359 1743 graviora
1388 1659 1649 1742 pericula
1691 1656 1887 1719 veris?

392 1764 526 1839 Res
557 1778 647 1825 est
676 1765 902 1826 solliciti
930 1765 1108 1846 plena
1135 1765 1361 1826 timoris
1402 1783 1589 1825 amor.

298 1879 373 1942 In
402 1881 462 1928 te
494 1869 790 1950 fingebam
819 1868 1103 1930 violentos
1131 1867 1331 1930 Troas
1365 1867 1547 1929 ituros
1573 1887 1589 1926 ε

390 1971 657 2034 Nomine
688 1974 743 2034 in
777 1972 1084 2036 Hectoreo
1110 1973 1330 2057 pallida
1360 1993 1599 2056 semper
1641 1990 1825 2033 eram.

306 2075 447 2141 Sive
481 2079 610 2162 quis
639 2079 1022 2143 Antilochum
1051 2080 1328 2144 narrabat
1358 2081 1432 2143 ab
1465 2077 1733 2142 Hectore
1780 2075 2039 2155 victum3

387 2184 738 2247 Antilochus
766 2186 944 2249 nostri
975 2207 1155 2249 causa
1185 2186 1410 2249 timoris
1440 2199 1566 2248 erat
1590 2206 1606 2246 z

305 2285 445 2351 Sive
477 2288 881 2355 Menoetiaden
914 2290 1070 2355 falsis
1098 2292 1390 2356 cecidisse
1421 2292 1529 2355 sub
1575 2289 1751 2354 armis
1776 2312 1795 2368 ;

390 2392 642 2457 Flebam
674 2419 956 2460 successu
986 2419 1161 2480 posse
1192 2419 1400 2459 carere
1432 2397 1620 2457 dolos·

298 2495 596 2582 Sanguine
626 2500 1018 2583 Tlepolemus
1051 2502 1304 2582 Lyciam
1333 2498 1701 2581 tepefecerat
1728 2498 1955 2559 hastam
1981 2520 2002 2576 3

384 2602 726 2687 Tlepolemi
758 2606 874 2667 leto
906 2627 1050 2667 cura
1080 2619 1293 2666 novata
1326 2624 1463 2667 mea
1491 2617 1600 2664 est.

300 2706 607 2792 Denique,
638 2711 900 2793 quisquis
930 2723 1057 2772 erat
1084 2711 1290 2773 castris
1308 2708 1610 2794 jugulatus
1638 2707 1902 2784 Achivis,

391 2813 687 2897 Frigidius
716 2816 904 2899 glacie
936 2829 1143 2899 pectus
1174 2817 1424 2878 amantis
1452 2829 1596 2878 erat.

305 2917 429 2981 Sed
459 2921 613 2981 bene
644 2923 935 2984 consuluit
964 2936 1128 2984 casto
1161 2922 1310 2984 deus
1341 2942 1542 3003 aequus
1588 2921 1791 2984 amori.

381 3021 576 3086 Versa
606 3041 695 3087 est
723 3026 777 3088 in
795 3018 1072 3089 'cinerem
1103 3028 1319 3109 sospite
1347 3025 1534 3110 Troja
1566 3028 1708 3088 viro.

297 3127 560 3211 Argolici
592 3131 826 3193 rediere
856 3132 1041 3194 duces
1069 3153 1084 3192 :
1116 3131 1316 3193 altaria
1348 3129 1573 3194 fumant
1599 3154 1614 3191 t

381 3228 628 3295 Ponitur
659 3236 733 3296 ad
764 3236 978 3318 patrios
1008 3237 1255 3298 barbara
1282 3235 1482 3319 praeda
1515 3237 1680 3299 deos.

294 3333 481 3400 Grata
510 3337 700 3402 ferunt
729 3341 1027 3424 Nymphae
1058 3364 1166 3425 pro
1196 3341 1368 3404 salvis
1400 3341 1554 3403 dona
1584 3343 1843 3406 maritis:

378 3441 466 3504 Illi
499 3444 649 3507 victa
680 3446 797 3508 suis
826 3445 1016 3508 Troia
1047 3445 1162 3508 fata
1197 3459 1434 3509 canunt.

293 3545 582 3610 Mirantur
602 3548 859 3632 justique
889 3567 1085 3626 senem,
1117 3552 1477 3634 trepidaeque
1507 3553 1712 3634 puellae
1741 3578 1756 3614 z

379 3652 689 3717 Narrantis
717 3654 936 3740 conjux
957 3656 1178 3739 pendet
1208 3657 1281 3717 ab
1313 3677 1417 3717 ore
1446 3656 1574 3717 viri.

2192 2187 2270 2245 lo

2188 2710 2263 2769 15

2172 3245 2259 3301 20
