<?xml version="1.0" encoding="UTF-8"?>
<!DOCTYPE html PUBLIC "-//W3C//DTD XHTML 1.0 Transitional//EN"
    "http://www.w3.org/TR/xhtml1/DTD/xhtml1-transitional.dtd">
<html xmlns="http://www.w3.org/1999/xhtml" xml:lang="en" lang="en">
 <head>
  <title>
</title>
<meta http-equiv="Content-Type" content="text/html;charset=utf-8" />
  <meta name='ocr-system' content='tesseract 3.04.00' />
  <meta name='ocr-capabilities' content='ocr_page ocr_carea ocr_par ocr_line ocrx_word'/>
</head>
<body>
  <div class='ocr_page' id='page_1' title='image "./excerptaexscrip02goulgoog_0158.png"; bbox 0 0 2622 4207; ppageno 0'>
   <div class='ocr_carea' id='block_1_1' title="bbox 419 283 1752 359">
    <p class='ocr_par' dir='ltr' id='par_1_1' title="bbox 419 283 1752 359">
     <span class='ocr_line' id='line_1_1' title="bbox 419 283 1752 359; baseline -0.017 1"><span class='ocrx_word' id='word_1_1' title='bbox 419 298 537 359; x_wconf 87' lang='grc'>144</span> <span class='ocrx_word' id='word_1_2' title='bbox 1001 283 1752 343; x_wconf 81' lang='lat' dir='ltr'>METAMORPHOSEON</span> 
     </span>
    </p>
   </div>
   <div class='ocr_carea' id='block_1_2' title="bbox 296 444 2079 1557">
    <p class='ocr_par' dir='ltr' id='par_1_2' title="bbox 413 444 1941 528">
     <span class='ocr_line' id='line_1_2' title="bbox 413 444 1941 528; baseline -0.009 -15"><span class='ocrx_word' id='word_1_3' title='bbox 413 451 643 513; x_wconf 87' lang='lat' dir='ltr'>Sistitur</span> <span class='ocrx_word' id='word_1_4' title='bbox 674 461 805 510; x_wconf 91' lang='lat' dir='ltr'>ante</span> <span class='ocrx_word' id='word_1_5' title='bbox 838 467 987 521; x_wconf 84' lang='lat' dir='ltr'>araS,</span> <span class='ocrx_word' id='word_1_6' title='bbox 1020 447 1295 528; x_wconf 85' lang='lat' dir='ltr'>auditque</span> <span class='ocrx_word' id='word_1_7' title='bbox 1326 444 1528 526; x_wconf 85' lang='lat' dir='ltr'>ignara</span> <span class='ocrx_word' id='word_1_8' title='bbox 1556 454 1897 527; x_wconf 82' lang='lat' dir='ltr'>precantem</span> <span class='ocrx_word' id='word_1_9' title='bbox 1925 461 1941 500; x_wconf 72' lang='grc' dir='ltr'><strong>ε</strong></span> 
     </span>
    </p>

    <p class='ocr_par' dir='ltr' id='par_1_3' title="bbox 409 547 1738 638">
     <span class='ocr_line' id='line_1_3' title="bbox 409 547 1738 638; baseline -0.005 -22"><span class='ocrx_word' id='word_1_10' title='bbox 409 554 755 638; x_wconf 84' lang='lat' dir='ltr'>Imponique</span> <span class='ocrx_word' id='word_1_11' title='bbox 787 575 904 614; x_wconf 83' lang='lat' dir='ltr'>suae</span> <span class='ocrx_word' id='word_1_12' title='bbox 937 551 1093 613; x_wconf 89' lang='lat' dir='ltr'>videt</span> <span class='ocrx_word' id='word_1_13' title='bbox 1120 552 1269 613; x_wconf 92' lang='lat' dir='ltr'>inter</span> <span class='ocrx_word' id='word_1_14' title='bbox 1298 571 1520 612; x_wconf 86' lang='lat' dir='ltr'>cornua</span> <span class='ocrx_word' id='word_1_15' title='bbox 1549 547 1738 623; x_wconf 86' lang='lat' dir='ltr'>fronti,</span> 
     </span>
    </p>

    <p class='ocr_par' dir='ltr' id='par_1_4' title="bbox 409 649 2059 739">
     <span class='ocr_line' id='line_1_4' title="bbox 409 649 2059 739; baseline -0.006 -18"><span class='ocrx_word' id='word_1_16' title='bbox 409 659 581 732; x_wconf 80' lang='lat' dir='ltr'>Quas</span> <span class='ocrx_word' id='word_1_17' title='bbox 611 659 787 721; x_wconf 89' lang='lat' dir='ltr'>coluit</span> <span class='ocrx_word' id='word_1_18' title='bbox 816 655 1012 739; x_wconf 78' lang='lat' dir='ltr'>fruges</span> <span class='ocrx_word' id='word_1_19' title='bbox 1039 679 1053 717; x_wconf 91' lang='lat'>:</span> <span class='ocrx_word' id='word_1_20' title='bbox 1098 675 1497 739; x_wconf 84' lang='lat' dir='ltr'>percussaque</span> <span class='ocrx_word' id='word_1_21' title='bbox 1528 653 1809 736; x_wconf 80' lang='lat' dir='ltr'>sanguine</span> <span class='ocrx_word' id='word_1_22' title='bbox 1839 649 2059 713; x_wconf 88' lang='lat' dir='ltr'>cultros</span> 
     </span>
    </p>

    <p class='ocr_par' dir='ltr' id='par_1_5' title="bbox 406 758 1704 844">
     <span class='ocr_line' id='line_1_5' title="bbox 406 758 1704 844; baseline -0.005 -19"><span class='ocrx_word' id='word_1_23' title='bbox 406 764 598 826; x_wconf 84' lang='lat' dir='ltr'>Inficit</span> <span class='ocrx_word' id='word_1_24' title='bbox 626 764 682 823; x_wconf 90' lang='lat' dir='ltr'>in</span> <span class='ocrx_word' id='word_1_25' title='bbox 712 761 931 843; x_wconf 62' lang='lat' dir='ltr'>liquida</span> <span class='ocrx_word' id='word_1_26' title='bbox 959 761 1232 844; x_wconf 85' lang='lat' dir='ltr'>praevisos</span> <span class='ocrx_word' id='word_1_27' title='bbox 1261 759 1496 821; x_wconf 82' lang='lat' dir='ltr'>forsitan</span> <span class='ocrx_word' id='word_1_28' title='bbox 1528 758 1704 820; x_wconf 63' lang='lat' dir='ltr'>unda.</span> 
     </span>
    </p>

    <p class='ocr_par' dir='ltr' id='par_1_6' title="bbox 404 863 1652 948">
     <span class='ocr_line' id='line_1_6' title="bbox 404 863 1652 948; baseline -0.005 -18"><span class='ocrx_word' id='word_1_29' title='bbox 404 868 678 930; x_wconf 79' lang='lat' dir='ltr'>Protinus</span> <span class='ocrx_word' id='word_1_30' title='bbox 708 881 937 948; x_wconf 83' lang='lat' dir='ltr'>ereptas</span> <span class='ocrx_word' id='word_1_31' title='bbox 965 866 1176 927; x_wconf 89' lang='lat' dir='ltr'>viventi</span> <span class='ocrx_word' id='word_1_32' title='bbox 1206 878 1445 947; x_wconf 83' lang='lat' dir='ltr'>pectore</span> <span class='ocrx_word' id='word_1_33' title='bbox 1476 863 1652 925; x_wconf 86' lang='lat' dir='ltr'>fibras</span> 
     </span>
    </p>

    <p class='ocr_par' dir='ltr' id='par_1_7' title="bbox 395 967 2002 1139">
     <span class='ocr_line' id='line_1_7' title="bbox 395 967 1918 1055; baseline -0.003 -22"><span class='ocrx_word' id='word_1_34' title='bbox 395 971 732 1055; x_wconf 87' lang='lat' dir='ltr'>Inspiciunt‚</span> <span class='ocrx_word' id='word_1_35' title='bbox 763 986 1108 1052; x_wconf 85' lang='lat' dir='ltr'>mentesque</span> <span class='ocrx_word' id='word_1_36' title='bbox 1142 968 1321 1030; x_wconf 74' lang='lat' dir='ltr'>desim</span> <span class='ocrx_word' id='word_1_37' title='bbox 1353 981 1677 1030; x_wconf 85' lang='lat' dir='ltr'>scrutantur</span> <span class='ocrx_word' id='word_1_38' title='bbox 1706 967 1762 1028; x_wconf 91' lang='lat' dir='ltr'>in</span> <span class='ocrx_word' id='word_1_39' title='bbox 1793 967 1918 1029; x_wconf 89' lang='lat' dir='ltr'>illis.</span> 
     </span>
     <span class='ocr_line' id='line_1_8' title="bbox 483 1071 2002 1139; baseline -0.003 0"><span class='ocrx_word' id='word_1_40' title='bbox 483 1077 663 1139; x_wconf 89' lang='lat' dir='ltr'>Unde</span> <span class='ocrx_word' id='word_1_41' title='bbox 695 1075 881 1138; x_wconf 85' lang='lat' dir='ltr'>fames</span> <span class='ocrx_word' id='word_1_42' title='bbox 911 1075 1128 1137; x_wconf 87' lang='lat' dir='ltr'>homini</span> <span class='ocrx_word' id='word_1_43' title='bbox 1158 1073 1467 1136; x_wconf 90' lang='lat' dir='ltr'>vetitorum</span> <span class='ocrx_word' id='word_1_44' title='bbox 1501 1086 1659 1134; x_wconf 83' lang='lat' dir='ltr'>tanta</span> <span class='ocrx_word' id='word_1_45' title='bbox 1687 1071 2002 1134; x_wconf 86' lang='lat' dir='ltr'>ciborum?</span> 
     </span>
    </p>

    <p class='ocr_par' dir='ltr' id='par_1_8' title="bbox 398 1177 1849 1261">
     <span class='ocr_line' id='line_1_9' title="bbox 398 1177 1849 1261; baseline -0.006 -15"><span class='ocrx_word' id='word_1_46' title='bbox 398 1183 649 1247; x_wconf 80' lang='lat' dir='ltr'>Audetis</span> <span class='ocrx_word' id='word_1_47' title='bbox 680 1182 860 1255; x_wconf 84' lang='lat' dir='ltr'>vesci,</span> <span class='ocrx_word' id='word_1_48' title='bbox 891 1202 1075 1261; x_wconf 83' lang='lat' dir='ltr'>genus</span> <span class='ocrx_word' id='word_1_49' title='bbox 1104 1201 1140 1239; x_wconf 96' lang='lat' dir='ltr'>o</span> <span class='ocrx_word' id='word_1_50' title='bbox 1180 1177 1468 1240; x_wconf 78' lang='lat' dir='ltr'>mortale?</span> <span class='ocrx_word' id='word_1_51' title='bbox 1516 1179 1695 1260; x_wconf 91' lang='lat' dir='ltr'>quod,</span> <span class='ocrx_word' id='word_1_52' title='bbox 1725 1199 1849 1252; x_wconf 88' lang='lat' dir='ltr'>oro,</span> 
     </span>
    </p>

    <p class='ocr_par' dir='ltr' id='par_1_9' title="bbox 396 1283 1928 1352">
     <span class='ocr_line' id='line_1_10' title="bbox 396 1283 1928 1352; baseline -0.006 -1"><span class='ocrx_word' id='word_1_53' title='bbox 396 1289 496 1352; x_wconf 93' lang='lat' dir='ltr'>Ne</span> <span class='ocrx_word' id='word_1_54' title='bbox 528 1286 700 1348; x_wconf 85' lang='lat' dir='ltr'>facite</span> <span class='ocrx_word' id='word_1_55' title='bbox 728 1309 742 1345; x_wconf 74' lang='grc' dir='ltr'><strong>ε</strong></span> <span class='ocrx_word' id='word_1_56' title='bbox 789 1299 848 1345; x_wconf 90' lang='lat' dir='ltr'>et</span> <span class='ocrx_word' id='word_1_57' title='bbox 877 1284 1107 1345; x_wconf 81' lang='lat' dir='ltr'>monitis</span> <span class='ocrx_word' id='word_1_58' title='bbox 1137 1283 1359 1344; x_wconf 89' lang='lat' dir='ltr'>animos</span> <span class='ocrx_word' id='word_1_59' title='bbox 1391 1283 1671 1345; x_wconf 87' lang='lat' dir='ltr'>advertite</span> <span class='ocrx_word' id='word_1_60' title='bbox 1700 1284 1928 1346; x_wconf 86' lang='lat' dir='ltr'>nostris.</span> 
     </span>
    </p>

    <p class='ocr_par' dir='ltr' id='par_1_10' title="bbox 296 1387 1977 1471">
     <span class='ocr_line' id='line_1_11' title="bbox 296 1387 1977 1471; baseline -0.001 -19"><span class='ocrx_word' id='word_1_61' title='bbox 296 1402 306 1425; x_wconf 91' lang='lat'><strong><em>¹</em></strong></span> <span class='ocrx_word' id='word_1_62' title='bbox 395 1390 674 1471; x_wconf 78' lang='lat' dir='ltr'>Cumque</span> <span class='ocrx_word' id='word_1_63' title='bbox 706 1389 881 1449; x_wconf 89' lang='lat' dir='ltr'>boum</span> <span class='ocrx_word' id='word_1_64' title='bbox 913 1387 1119 1448; x_wconf 86' lang='lat' dir='ltr'>dabitis</span> <span class='ocrx_word' id='word_1_65' title='bbox 1149 1408 1437 1447; x_wconf 81' lang='lat' dir='ltr'>caesorum</span> <span class='ocrx_word' id='word_1_66' title='bbox 1466 1388 1734 1449; x_wconf 82' lang='lat' dir='ltr'>membra</span> <span class='ocrx_word' id='word_1_67' title='bbox 1762 1389 1977 1470; x_wconf 76' lang='lat' dir='ltr'>palam,</span> 
     </span>
    </p>

    <p class='ocr_par' dir='ltr' id='par_1_11' title="bbox 394 1476 2079 1557">
     <span class='ocr_line' id='line_1_12' title="bbox 394 1476 2079 1557; baseline -0.004 0"><span class='ocrx_word' id='word_1_68' title='bbox 394 1493 687 1557; x_wconf 86' lang='lat' dir='ltr'>Mandere</span> <span class='ocrx_word' id='word_1_69' title='bbox 717 1514 821 1554; x_wconf 91' lang='lat' dir='ltr'>vos</span> <span class='ocrx_word' id='word_1_70' title='bbox 850 1505 1071 1552; x_wconf 85' lang='lat' dir='ltr'>vestros</span> <span class='ocrx_word' id='word_1_71' title='bbox 1100 1490 1243 1552; x_wconf 88' lang='lat' dir='ltr'>scite</span> <span class='ocrx_word' id='word_1_72' title='bbox 1276 1504 1335 1553; x_wconf 89' lang='lat' dir='ltr'>et</span> <span class='ocrx_word' id='word_1_73' title='bbox 1365 1491 1569 1552; x_wconf 89' lang='lat' dir='ltr'>sentite</span> <span class='ocrx_word' id='word_1_74' title='bbox 1600 1492 1859 1554; x_wconf 89' lang='lat' dir='ltr'>colonos.</span> <span class='ocrx_word' id='word_1_75' title='bbox 2062 1476 2079 1489; x_wconf 65' lang='grc'><strong><em>’</em></strong></span> 
     </span>
    </p>
   </div>
   <div class='ocr_carea' id='block_1_3' title="bbox 392 1598 2112 1682">
    <p class='ocr_par' dir='ltr' id='par_1_12' title="bbox 392 1598 2112 1682">
     <span class='ocr_line' id='line_1_13' title="bbox 392 1598 2112 1682; baseline -0.005 -20"><span class='ocrx_word' id='word_1_76' title='bbox 392 1599 476 1662; x_wconf 91' lang='lat' dir='ltr'>Et</span> <span class='ocrx_word' id='word_1_77' title='bbox 506 1598 776 1682; x_wconf 90' lang='lat' dir='ltr'>quoniam</span> <span class='ocrx_word' id='word_1_78' title='bbox 809 1598 956 1658; x_wconf 89' lang='lat' dir='ltr'>deus</span> <span class='ocrx_word' id='word_1_79' title='bbox 985 1618 1090 1658; x_wconf 85' lang='lat' dir='ltr'>ora</span> <span class='ocrx_word' id='word_1_80' title='bbox 1118 1610 1335 1671; x_wconf 89' lang='lat' dir='ltr'>movet,</span> <span class='ocrx_word' id='word_1_81' title='bbox 1366 1617 1582 1679; x_wconf 86' lang='lat' dir='ltr'>sequar</span> <span class='ocrx_word' id='word_1_82' title='bbox 1609 1618 1714 1659; x_wconf 86' lang='lat' dir='ltr'>ora</span> <span class='ocrx_word' id='word_1_83' title='bbox 1740 1611 2077 1660; x_wconf 84' lang='lat' dir='ltr'>moventem</span> <span class='ocrx_word' id='word_1_84' title='bbox 2106 1649 2112 1653; x_wconf 87' lang='lat'><em>.</em></span> 
     </span>
    </p>
   </div>
   <div class='ocr_carea' id='block_1_4' title="bbox 370 1701 2104 2516">
    <p class='ocr_par' dir='ltr' id='par_1_13' title="bbox 385 1701 2104 1995">
     <span class='ocr_line' id='line_1_14' title="bbox 389 1701 2104 1785; baseline -0.001 -18"><span class='ocrx_word' id='word_1_85' title='bbox 389 1703 531 1767; x_wconf 74' lang='lat' dir='ltr'>Rite</span> <span class='ocrx_word' id='word_1_86' title='bbox 564 1705 742 1766; x_wconf 90' lang='lat' dir='ltr'>deum</span> <span class='ocrx_word' id='word_1_87' title='bbox 767 1725 785 1781; x_wconf 90' lang='lat'>;</span> <span class='ocrx_word' id='word_1_88' title='bbox 828 1701 1213 1784; x_wconf 88' lang='lat' dir='ltr'>Delphosque</span> <span class='ocrx_word' id='word_1_89' title='bbox 1245 1723 1431 1776; x_wconf 87' lang='lat' dir='ltr'>meos,</span> <span class='ocrx_word' id='word_1_90' title='bbox 1462 1702 1769 1785; x_wconf 89' lang='lat' dir='ltr'>ipsumque</span> <span class='ocrx_word' id='word_1_91' title='bbox 1797 1703 2104 1766; x_wconf 90' lang='lat' dir='ltr'>recludam</span> 
     </span>
     <span class='ocr_line' id='line_1_15' title="bbox 388 1807 1899 1890; baseline -0.003 -18"><span class='ocrx_word' id='word_1_92' title='bbox 388 1809 639 1872; x_wconf 86' lang='lat' dir='ltr'>AEthera</span> <span class='ocrx_word' id='word_1_93' title='bbox 662 1832 680 1887; x_wconf 86' lang='lat'>3</span> <span class='ocrx_word' id='word_1_94' title='bbox 725 1823 785 1870; x_wconf 89' lang='lat' dir='ltr'>et</span> <span class='ocrx_word' id='word_1_95' title='bbox 806 1821 1067 1890; x_wconf 83' lang='lat' dir='ltr'>augustae</span> <span class='ocrx_word' id='word_1_96' title='bbox 1099 1808 1375 1869; x_wconf 88' lang='lat' dir='ltr'>reserabo</span> <span class='ocrx_word' id='word_1_97' title='bbox 1404 1807 1640 1870; x_wconf 86' lang='lat' dir='ltr'>oracula</span> <span class='ocrx_word' id='word_1_98' title='bbox 1668 1808 1899 1870; x_wconf 89' lang='lat' dir='ltr'>mentis.</span> 
     </span>
     <span class='ocr_line' id='line_1_16' title="bbox 385 1911 1693 1995; baseline -0.002 -19"><span class='ocrx_word' id='word_1_99' title='bbox 385 1913 629 1995; x_wconf 84' lang='lat' dir='ltr'>Magna,</span> <span class='ocrx_word' id='word_1_100' title='bbox 659 1933 770 1974; x_wconf 90' lang='lat' dir='ltr'>nec</span> <span class='ocrx_word' id='word_1_101' title='bbox 801 1911 1041 1993; x_wconf 82' lang='lat' dir='ltr'>ingeniis</span> <span class='ocrx_word' id='word_1_102' title='bbox 1070 1913 1387 1994; x_wconf 85' lang='lat' dir='ltr'>evestigata</span> <span class='ocrx_word' id='word_1_103' title='bbox 1414 1912 1693 1993; x_wconf 86' lang='lat' dir='ltr'>priorum,</span> 
     </span>
    </p>

    <p class='ocr_par' dir='ltr' id='par_1_14' title="bbox 383 2013 1970 2201">
     <span class='ocr_line' id='line_1_17' title="bbox 385 2013 1970 2098; baseline 0 -20"><span class='ocrx_word' id='word_1_104' title='bbox 385 2017 658 2098; x_wconf 71' lang='lat' dir='ltr'>Quaeque</span> <span class='ocrx_word' id='word_1_105' title='bbox 682 2017 782 2076; x_wconf 93' lang='lat' dir='ltr'>diu</span> <span class='ocrx_word' id='word_1_106' title='bbox 811 2015 1052 2089; x_wconf 74' lang='lat' dir='ltr'>latuere,</span> <span class='ocrx_word' id='word_1_107' title='bbox 1083 2035 1314 2075; x_wconf 85' lang='lat' dir='ltr'>canam.</span> <span class='ocrx_word' id='word_1_108' title='bbox 1404 2013 1581 2076; x_wconf 86' lang='lat' dir='ltr'>Juvat</span> <span class='ocrx_word' id='word_1_109' title='bbox 1606 2017 1690 2078; x_wconf 90' lang='lat' dir='ltr'>ire</span> <span class='ocrx_word' id='word_1_110' title='bbox 1719 2038 1828 2098; x_wconf 89' lang='lat' dir='ltr'>per</span> <span class='ocrx_word' id='word_1_111' title='bbox 1857 2017 1970 2078; x_wconf 87' lang='lat' dir='ltr'>alta</span> 
     </span>
     <span class='ocr_line' id='line_1_18' title="bbox 383 2117 1740 2201; baseline -0.001 -17"><span class='ocrx_word' id='word_1_112' title='bbox 383 2122 559 2184; x_wconf 76' lang='lat' dir='ltr'>Astra</span> <span class='ocrx_word' id='word_1_113' title='bbox 585 2142 600 2180; x_wconf 76' lang='lat' dir='ltr'>t</span> <span class='ocrx_word' id='word_1_114' title='bbox 635 2120 821 2201; x_wconf 82' lang='lat' dir='ltr'>juvat,</span> <span class='ocrx_word' id='word_1_115' title='bbox 851 2119 1016 2179; x_wconf 89' lang='lat' dir='ltr'>terris</span> <span class='ocrx_word' id='word_1_116' title='bbox 1047 2132 1105 2178; x_wconf 87' lang='lat' dir='ltr'>et</span> <span class='ocrx_word' id='word_1_117' title='bbox 1133 2118 1298 2178; x_wconf 89' lang='lat' dir='ltr'>inerti</span> <span class='ocrx_word' id='word_1_118' title='bbox 1329 2117 1473 2179; x_wconf 89' lang='lat' dir='ltr'>sede</span> <span class='ocrx_word' id='word_1_119' title='bbox 1504 2118 1740 2195; x_wconf 83' lang='lat' dir='ltr'>relictiS,</span> 
     </span>
    </p>

    <p class='ocr_par' dir='ltr' id='par_1_15' title="bbox 370 2220 2092 2516">
     <span class='ocr_line' id='line_1_19' title="bbox 379 2220 1995 2301; baseline 0 -16"><span class='ocrx_word' id='word_1_120' title='bbox 379 2223 560 2287; x_wconf 91' lang='lat' dir='ltr'>Nube</span> <span class='ocrx_word' id='word_1_121' title='bbox 590 2222 723 2283; x_wconf 89' lang='lat' dir='ltr'>vehi</span> <span class='ocrx_word' id='word_1_122' title='bbox 748 2244 766 2298; x_wconf 85' lang='lat'>3</span> <span class='ocrx_word' id='word_1_123' title='bbox 814 2220 1097 2301; x_wconf 88' lang='lat' dir='ltr'>validique</span> <span class='ocrx_word' id='word_1_124' title='bbox 1126 2222 1385 2283; x_wconf 90' lang='lat' dir='ltr'>humeris</span> <span class='ocrx_word' id='word_1_125' title='bbox 1412 2222 1675 2284; x_wconf 88' lang='lat' dir='ltr'>insistere</span> <span class='ocrx_word' id='word_1_126' title='bbox 1706 2224 1953 2287; x_wconf 86' lang='lat' dir='ltr'>Atlantis</span> <span class='ocrx_word' id='word_1_127' title='bbox 1978 2248 1995 2285; x_wconf 72' lang='grc' dir='ltr'><strong><em>ε</em></strong></span> 
     </span>
     <span class='ocr_line' id='line_1_20' title="bbox 376 2324 1904 2409; baseline 0 -20"><span class='ocrx_word' id='word_1_128' title='bbox 376 2326 770 2407; x_wconf 84' lang='lat' dir='ltr'>Palantesque</span> <span class='ocrx_word' id='word_1_129' title='bbox 802 2324 1024 2385; x_wconf 85' lang='lat' dir='ltr'>animos</span> <span class='ocrx_word' id='word_1_130' title='bbox 1053 2326 1268 2406; x_wconf 87' lang='lat' dir='ltr'>passim</span> <span class='ocrx_word' id='word_1_131' title='bbox 1300 2346 1370 2387; x_wconf 87' lang='lat' dir='ltr'>ac</span> <span class='ocrx_word' id='word_1_132' title='bbox 1399 2325 1633 2388; x_wconf 89' lang='lat' dir='ltr'>rationis</span> <span class='ocrx_word' id='word_1_133' title='bbox 1662 2344 1904 2409; x_wconf 84' lang='lat' dir='ltr'>egentes</span> 
     </span>
     <span class='ocr_line' id='line_1_21' title="bbox 370 2429 2092 2516; baseline 0.001 -20"><span class='ocrx_word' id='word_1_134' title='bbox 370 2432 740 2515; x_wconf 85' lang='lat' dir='ltr'>Despectare</span> <span class='ocrx_word' id='word_1_135' title='bbox 770 2431 995 2513; x_wconf 91' lang='lat' dir='ltr'>procul,</span> <span class='ocrx_word' id='word_1_136' title='bbox 1024 2429 1418 2513; x_wconf 89' lang='lat' dir='ltr'>trepidosque,</span> <span class='ocrx_word' id='word_1_137' title='bbox 1447 2432 1786 2516; x_wconf 90' lang='lat' dir='ltr'>obitumque</span> <span class='ocrx_word' id='word_1_138' title='bbox 1815 2433 2092 2497; x_wconf 82' lang='lat' dir='ltr'>timentes</span> 
     </span>
    </p>
   </div>
   <div class='ocr_carea' id='block_1_5' title="bbox 374 2535 1899 2725">
    <p class='ocr_par' dir='ltr' id='par_1_16' title="bbox 374 2535 1899 2725">
     <span class='ocr_line' id='line_1_22' title="bbox 375 2535 1670 2618; baseline -0.002 -17"><span class='ocrx_word' id='word_1_139' title='bbox 375 2538 480 2602; x_wconf 83' lang='lat' dir='ltr'>Sic</span> <span class='ocrx_word' id='word_1_140' title='bbox 510 2536 844 2615; x_wconf 79' lang='lat' dir='ltr'>exhortari3</span> <span class='ocrx_word' id='word_1_141' title='bbox 889 2536 1216 2618; x_wconf 84' lang='lat' dir='ltr'>seriemque</span> <span class='ocrx_word' id='word_1_142' title='bbox 1248 2536 1519 2598; x_wconf 88' lang='lat' dir='ltr'>evolvere</span> <span class='ocrx_word' id='word_1_143' title='bbox 1550 2535 1670 2600; x_wconf 83' lang='lat' dir='ltr'>sati.</span> 
     </span>
     <span class='ocr_line' id='line_1_23' title="bbox 374 2640 1899 2725; baseline 0 -20"><span class='ocrx_word' id='word_1_144' title='bbox 374 2650 413 2681; x_wconf 75' lang='lat'>‘⁶</span> <span class='ocrx_word' id='word_1_145' title='bbox 437 2642 496 2705; x_wconf 90' lang='lat' dir='ltr'>O</span> <span class='ocrx_word' id='word_1_146' title='bbox 527 2664 711 2725; x_wconf 78' lang='lat' dir='ltr'>genus</span> <span class='ocrx_word' id='word_1_147' title='bbox 743 2641 1045 2703; x_wconf 85' lang='lat' dir='ltr'>attonitum</span> <span class='ocrx_word' id='word_1_148' title='bbox 1077 2640 1282 2722; x_wconf 82' lang='lat' dir='ltr'>gelidae</span> <span class='ocrx_word' id='word_1_149' title='bbox 1314 2640 1623 2704; x_wconf 82' lang='lat' dir='ltr'>formidine</span> <span class='ocrx_word' id='word_1_150' title='bbox 1651 2643 1852 2705; x_wconf 87' lang='lat' dir='ltr'>mortis</span> <span class='ocrx_word' id='word_1_151' title='bbox 1884 2644 1899 2704; x_wconf 75' lang='grc' dir='ltr'><strong>Ξ</strong></span> 
     </span>
    </p>
   </div>
   <div class='ocr_carea' id='block_1_6' title="bbox 371 2744 2136 2827">
    <p class='ocr_par' dir='ltr' id='par_1_17' title="bbox 371 2744 2136 2827">
     <span class='ocr_line' id='line_1_24' title="bbox 371 2744 2136 2827; baseline 0.003 -21"><span class='ocrx_word' id='word_1_152' title='bbox 371 2746 538 2819; x_wconf 82' lang='lat' dir='ltr'>Quid</span> <span class='ocrx_word' id='word_1_153' title='bbox 570 2747 771 2827; x_wconf 85' lang='lat' dir='ltr'>Styga,</span> <span class='ocrx_word' id='word_1_154' title='bbox 797 2744 934 2825; x_wconf 89' lang='lat' dir='ltr'>quid</span> <span class='ocrx_word' id='word_1_155' title='bbox 965 2745 1256 2819; x_wconf 82' lang='lat' dir='ltr'>tenebras,</span> <span class='ocrx_word' id='word_1_156' title='bbox 1282 2745 1419 2825; x_wconf 91' lang='lat' dir='ltr'>quid</span> <span class='ocrx_word' id='word_1_157' title='bbox 1464 2746 1698 2807; x_wconf 88' lang='lat' dir='ltr'>nomina</span> <span class='ocrx_word' id='word_1_158' title='bbox 1725 2769 1877 2810; x_wconf 86' lang='lat' dir='ltr'>vana</span> <span class='ocrx_word' id='word_1_159' title='bbox 1904 2748 2136 2825; x_wconf 82' lang='lat' dir='ltr'>timetiS,</span> 
     </span>
    </p>
   </div>
   <div class='ocr_carea' id='block_1_7' title="bbox 342 2845 2058 3766">
    <p class='ocr_par' dir='ltr' id='par_1_18' title="bbox 366 2845 1740 2927">
     <span class='ocr_line' id='line_1_25' title="bbox 366 2845 1740 2927; baseline 0.001 -17"><span class='ocrx_word' id='word_1_160' title='bbox 366 2849 679 2912; x_wconf 87' lang='lat' dir='ltr'>Materiem</span> <span class='ocrx_word' id='word_1_161' title='bbox 709 2859 929 2919; x_wconf 89' lang='lat' dir='ltr'>vatum,</span> <span class='ocrx_word' id='word_1_162' title='bbox 958 2845 1198 2927; x_wconf 87' lang='lat' dir='ltr'>falsique</span> <span class='ocrx_word' id='word_1_163' title='bbox 1227 2846 1460 2926; x_wconf 89' lang='lat' dir='ltr'>piacula</span> <span class='ocrx_word' id='word_1_164' title='bbox 1488 2849 1740 2912; x_wconf 85' lang='lat' dir='ltr'>mundi?</span> 
     </span>
    </p>

    <p class='ocr_par' dir='ltr' id='par_1_19' title="bbox 362 2947 1860 3143">
     <span class='ocr_line' id='line_1_26' title="bbox 365 2947 1860 3035; baseline 0.003 -21"><span class='ocrx_word' id='word_1_165' title='bbox 365 2951 634 3033; x_wconf 89' lang='lat' dir='ltr'>Corpora</span> <span class='ocrx_word' id='word_1_166' title='bbox 663 2949 783 3011; x_wconf 90' lang='lat' dir='ltr'>sive</span> <span class='ocrx_word' id='word_1_167' title='bbox 812 2969 988 3035; x_wconf 83' lang='lat' dir='ltr'>rogus</span> <span class='ocrx_word' id='word_1_168' title='bbox 1016 2947 1273 3023; x_wconf 66' lang='lat' dir='ltr'>flamma,</span> <span class='ocrx_word' id='word_1_169' title='bbox 1306 2971 1412 3011; x_wconf 90' lang='lat' dir='ltr'>seu</span> <span class='ocrx_word' id='word_1_170' title='bbox 1441 2951 1576 3014; x_wconf 89' lang='lat' dir='ltr'>tabe</span> <span class='ocrx_word' id='word_1_171' title='bbox 1605 2968 1860 3019; x_wconf 85' lang='lat' dir='ltr'>vetustas</span> 
     </span>
     <span class='ocr_line' id='line_1_27' title="bbox 362 3053 1800 3143; baseline 0.002 -25"><span class='ocrx_word' id='word_1_172' title='bbox 362 3053 702 3129; x_wconf 88' lang='lat' dir='ltr'>Abstulerit,</span> <span class='ocrx_word' id='word_1_173' title='bbox 730 3053 887 3115; x_wconf 85' lang='lat' dir='ltr'>mala</span> <span class='ocrx_word' id='word_1_174' title='bbox 913 3074 1088 3137; x_wconf 86' lang='lat' dir='ltr'>posse</span> <span class='ocrx_word' id='word_1_175' title='bbox 1117 3054 1237 3136; x_wconf 87' lang='lat' dir='ltr'>pati</span> <span class='ocrx_word' id='word_1_176' title='bbox 1279 3077 1396 3116; x_wconf 92' lang='lat' dir='ltr'>non</span> <span class='ocrx_word' id='word_1_177' title='bbox 1426 3058 1541 3120; x_wconf 88' lang='lat' dir='ltr'>ulla</span> <span class='ocrx_word' id='word_1_178' title='bbox 1568 3061 1800 3143; x_wconf 80' lang='lat' dir='ltr'>putetiS.</span> 
     </span>
    </p>

    <p class='ocr_par' dir='ltr' id='par_1_20' title="bbox 342 3158 2058 3766">
     <span class='ocr_line' id='line_1_28' title="bbox 360 3158 1936 3244; baseline 0.003 -21"><span class='ocrx_word' id='word_1_179' title='bbox 360 3160 554 3224; x_wconf 91' lang='lat' dir='ltr'>Morte</span> <span class='ocrx_word' id='word_1_180' title='bbox 584 3171 785 3222; x_wconf 84' lang='lat' dir='ltr'>carent</span> <span class='ocrx_word' id='word_1_181' title='bbox 814 3158 1017 3221; x_wconf 82' lang='lat' dir='ltr'>animae</span> <span class='ocrx_word' id='word_1_182' title='bbox 1046 3181 1061 3219; x_wconf 74' lang='grc' dir='ltr'><em>τ</em></span> <span class='ocrx_word' id='word_1_183' title='bbox 1105 3180 1479 3243; x_wconf 89' lang='lat' dir='ltr'>semperque,</span> <span class='ocrx_word' id='word_1_184' title='bbox 1512 3164 1703 3244; x_wconf 86' lang='lat' dir='ltr'>priore</span> <span class='ocrx_word' id='word_1_185' title='bbox 1732 3165 1936 3227; x_wconf 64' lang='lat' dir='ltr'>relicta</span> 
     </span>
     <span class='ocr_line' id='line_1_29' title="bbox 357 3265 1948 3350; baseline 0.002 -23"><span class='ocrx_word' id='word_1_186' title='bbox 357 3265 541 3340; x_wconf 87' lang='lat' dir='ltr'>Sede,</span> <span class='ocrx_word' id='word_1_187' title='bbox 569 3265 734 3326; x_wconf 90' lang='lat' dir='ltr'>novis</span> <span class='ocrx_word' id='word_1_188' title='bbox 750 3265 1007 3327; x_wconf 87' lang='lat' dir='ltr'>habitant</span> <span class='ocrx_word' id='word_1_189' title='bbox 1035 3265 1304 3327; x_wconf 87' lang='lat' dir='ltr'>domibus</span> <span class='ocrx_word' id='word_1_190' title='bbox 1331 3266 1645 3348; x_wconf 87' lang='lat' dir='ltr'>vivuntque</span> <span class='ocrx_word' id='word_1_191' title='bbox 1675 3283 1948 3350; x_wconf 86' lang='lat' dir='ltr'>receptae.</span> 
     </span>
     <span class='ocr_line' id='line_1_30' title="bbox 349 3367 1841 3454; baseline 0.002 -21"><span class='ocrx_word' id='word_1_192' title='bbox 349 3369 485 3453; x_wconf 88' lang='lat' dir='ltr'>Ipse</span> <span class='ocrx_word' id='word_1_193' title='bbox 514 3390 625 3449; x_wconf 83' lang='lat' dir='ltr'>ego</span> <span class='ocrx_word' id='word_1_194' title='bbox 650 3367 813 3452; x_wconf 88' lang='lat' dir='ltr'>(nam</span> <span class='ocrx_word' id='word_1_195' title='bbox 843 3368 1109 3453; x_wconf 90' lang='lat' dir='ltr'>memini)</span> <span class='ocrx_word' id='word_1_196' title='bbox 1141 3368 1384 3453; x_wconf 82' lang='lat' dir='ltr'>Trojani</span> <span class='ocrx_word' id='word_1_197' title='bbox 1413 3385 1678 3454; x_wconf 90' lang='lat' dir='ltr'>tempore</span> <span class='ocrx_word' id='word_1_198' title='bbox 1708 3374 1841 3436; x_wconf 90' lang='lat' dir='ltr'>belli</span> 
     </span>
     <span class='ocr_line' id='line_1_31' title="bbox 351 3471 2058 3562; baseline 0.004 -25"><span class='ocrx_word' id='word_1_199' title='bbox 351 3473 714 3538; x_wconf 72' lang='lat' dir='ltr'>Panthoides</span> <span class='ocrx_word' id='word_1_200' title='bbox 732 3471 1089 3555; x_wconf 89' lang='lat' dir='ltr'>Euphorbus</span> <span class='ocrx_word' id='word_1_201' title='bbox 1118 3495 1280 3536; x_wconf 87' lang='lat' dir='ltr'>eram</span> <span class='ocrx_word' id='word_1_202' title='bbox 1304 3496 1322 3535; x_wconf 75' lang='grc' dir='ltr'><strong><em>ε</em></strong></span> <span class='ocrx_word' id='word_1_203' title='bbox 1366 3476 1461 3537; x_wconf 92' lang='lat' dir='ltr'>cui</span> <span class='ocrx_word' id='word_1_204' title='bbox 1490 3492 1729 3558; x_wconf 88' lang='lat' dir='ltr'>pectore</span> <span class='ocrx_word' id='word_1_205' title='bbox 1761 3481 2058 3562; x_wconf 89' lang='lat' dir='ltr'>quondam</span> 
     </span>
     <span class='ocr_line' id='line_1_32' title="bbox 347 3576 1838 3658; baseline 0.004 -18"><span class='ocrx_word' id='word_1_206' title='bbox 347 3576 518 3640; x_wconf 88' lang='lat' dir='ltr'>Sedit</span> <span class='ocrx_word' id='word_1_207' title='bbox 544 3576 603 3637; x_wconf 91' lang='lat' dir='ltr'>in</span> <span class='ocrx_word' id='word_1_208' title='bbox 632 3576 877 3638; x_wconf 88' lang='lat' dir='ltr'>adverso</span> <span class='ocrx_word' id='word_1_209' title='bbox 904 3578 1094 3658; x_wconf 84' lang='lat' dir='ltr'>gravis</span> <span class='ocrx_word' id='word_1_210' title='bbox 1131 3579 1296 3641; x_wconf 85' lang='lat' dir='ltr'>hasta</span> <span class='ocrx_word' id='word_1_211' title='bbox 1325 3579 1560 3642; x_wconf 90' lang='lat' dir='ltr'>minoris</span> <span class='ocrx_word' id='word_1_212' title='bbox 1597 3583 1838 3649; x_wconf 87' lang='lat' dir='ltr'>Atridae.</span> 
     </span>
     <span class='ocr_line' id='line_1_33' title="bbox 342 3678 1701 3766; baseline 0.007 -25"><span class='ocrx_word' id='word_1_213' title='bbox 342 3678 611 3762; x_wconf 87' lang='lat' dir='ltr'>Cognovi</span> <span class='ocrx_word' id='word_1_214' title='bbox 638 3680 932 3766; x_wconf 84' lang='lat' dir='ltr'>clypeum,</span> <span class='ocrx_word' id='word_1_215' title='bbox 962 3680 1117 3744; x_wconf 84' lang='lat' dir='ltr'><strong>laevae</strong></span> <span class='ocrx_word' id='word_1_216' title='bbox 1147 3685 1471 3763; x_wconf 83' lang='lat' dir='ltr'>gestamina</span> <span class='ocrx_word' id='word_1_217' title='bbox 1496 3700 1701 3751; x_wconf 86' lang='lat' dir='ltr'>nostrae</span> 
     </span>
    </p>
   </div>
   <div class='ocr_carea' id='block_1_8' title="bbox 2277 654 2352 712">
    <p class='ocr_par' dir='ltr' id='par_1_21' title="bbox 2277 654 2352 712">
     <span class='ocr_line' id='line_1_34' title="bbox 2277 654 2352 712; baseline 0 0"><span class='ocrx_word' id='word_1_218' title='bbox 2277 654 2352 712; x_wconf 79' lang='lat'>75</span> 
     </span>
    </p>
   </div>
   <div class='ocr_carea' id='block_1_9' title="bbox 2261 1181 2344 1239">
    <p class='ocr_par' dir='ltr' id='par_1_22' title="bbox 2261 1181 2344 1239">
     <span class='ocr_line' id='line_1_35' title="bbox 2261 1181 2344 1239; baseline 0 0"><span class='ocrx_word' id='word_1_219' title='bbox 2261 1181 2344 1239; x_wconf 87' lang='grc'>80</span> 
     </span>
    </p>
   </div>
   <div class='ocr_carea' id='block_1_10' title="bbox 2253 1708 2331 1765">
    <p class='ocr_par' dir='ltr' id='par_1_23' title="bbox 2253 1708 2331 1765">
     <span class='ocr_line' id='line_1_36' title="bbox 2253 1708 2331 1765; baseline 0 0"><span class='ocrx_word' id='word_1_220' title='bbox 2253 1708 2331 1765; x_wconf 82' lang='grc'>85</span> 
     </span>
    </p>
   </div>
   <div class='ocr_carea' id='block_1_11' title="bbox 2226 2754 2306 2813">
    <p class='ocr_par' dir='ltr' id='par_1_24' title="bbox 2226 2754 2306 2813">
     <span class='ocr_line' id='line_1_37' title="bbox 2226 2754 2306 2813; baseline -0.013 0"><span class='ocrx_word' id='word_1_221' title='bbox 2226 2754 2306 2813; x_wconf 87' lang='grc'>95</span> 
     </span>
    </p>
   </div>
   <div class='ocr_carea' id='block_1_12' title="bbox 2174 3276 2293 3335">
    <p class='ocr_par' dir='ltr' id='par_1_25' title="bbox 2174 3276 2293 3335">
     <span class='ocr_line' id='line_1_38' title="bbox 2174 3276 2293 3335; baseline -0.017 0"><span class='ocrx_word' id='word_1_222' title='bbox 2174 3276 2293 3335; x_wconf 90' lang='grc'>100</span> 
     </span>
    </p>
   </div>
  </div>
 </body>
</html>
