2622 4207
1020 259 1248 316 LIBER.
1273 260 1430 314 XIII.
2138 266 2253 323 121

305 421 678 507 Exspectata
707 421 826 495 diu,
855 420 1034 493 nulla,
1067 434 1167 480 aut
1192 415 1484 479 contraria
1513 413 1705 489 classi,

304 528 580 590 Flamina
611 540 776 589 sunt:
823 526 1101 606 duraeque
1122 523 1336 606 jubent
1371 521 1829 603 Agamemnona
1861 533 2045 582 sortes

299 631 663 694 Immeritam
695 652 858 693 saevae
890 643 1086 691 natam
1115 643 1380 690 mactare
1417 626 1648 690 Dianae.
2139 630 2254 687 185

300 737 582 820 Denegat
609 738 724 800 hoe
756 737 996 819 genitor,
1030 735 1294 818 divisque
1325 734 1590 797 irascitur
1619 733 1797 817 ipsis:

297 845 496 927 Atque
521 844 579 905 in
610 864 750 926 rege
779 857 978 905 tamen
1008 857 1175 924 pater
1198 854 1306 903 est.
1399 838 1538 922 Ego
1559 840 1698 917 mite
1730 840 1985 923 parentis

298 946 606 1030 Ingenium
635 947 826 1009 verbis
857 948 933 1008 ad
970 946 1203 1029 publica
1232 943 1554 1007 commoda
1582 945 1749 1007 verti.

298 1051 478 1115 Nunc
509 1053 791 1136 equidem
821 1051 1028 1125 fateor,
1061 1053 1338 1131 fassoque
1366 1050 1632 1129 ignoscat
1658 1049 1896 1113 Atrides
1920 1074 1938 1130 3

258 1154 268 1166 “
293 1158 625 1221 Difficilem
646 1155 808 1218 tenui
840 1156 946 1216 sub
979 1155 1175 1236 iniquo
1195 1154 1403 1237 judice
1434 1175 1697 1216 causam.
2133 1159 2253 1218 190

293 1262 481 1325 Hunc
512 1278 710 1325 tamen
750 1260 961 1322 utilitas
991 1260 1209 1344 populi,
1242 1258 1571 1343 fratrisque,
1605 1259 1840 1344 datique

293 1366 551 1430 Summa
579 1380 777 1429 movet
806 1365 1040 1448 sceptri,
1073 1366 1310 1427 laudem
1342 1378 1406 1427 ut
1435 1387 1574 1427 cum
1606 1366 1885 1448 sanguine
1916 1378 2157 1450 penset..

289 1472 492 1534 Mittor
523 1487 583 1534 et
613 1472 687 1533 ad
716 1484 966 1533 matrem
994 1493 1008 1531 ε
1055 1491 1181 1554 quae
1213 1492 1335 1532 non
1362 1471 1671 1545 hortanda,
1703 1471 1810 1534 sed
1844 1485 1971 1535 astu

289 1576 664 1659 Decipienda
694 1578 817 1640 fuit.
908 1575 1053 1650 Quo
1084 1576 1132 1637 si
1165 1575 1555 1638 Telamonius
1584 1575 1747 1650 isset,

288 1681 456 1749 Orba
485 1683 603 1745 suis
634 1696 831 1743 essent
859 1683 1181 1743 etiamnum
1209 1681 1389 1741 lintea
1416 1680 1626 1742 ventis·
2130 1682 2248 1741 195

373 1787 578 1850 Mittor
610 1801 671 1847 et
695 1785 909 1848 Iliaeas
940 1786 1137 1847 audax
1168 1798 1364 1846 orator
1396 1785 1472 1844 ad
1505 1805 1675 1845 arces
1695 1806 1714 1845 τ
1770 1822 1777 1827 ·

282 1890 553 1972 Visaque
587 1903 647 1951 et
684 1890 892 1951 intrata
923 1903 1013 1950 est
1042 1890 1167 1950 altae
1199 1888 1343 1948 mihi
1373 1887 1537 1949 curia
1566 1886 1788 1970 Trojae.

279 1996 597 2080 Plenaque
629 1996 823 2057 adhuc
854 2009 981 2056 erat
1019 1994 1115 2055 illa
1161 1993 1311 2054 viris.
1404 1993 1707 2055 Interritus
1738 1994 1852 2075 egi,

284 2101 492 2175 Quam
521 2100 662 2163 mihi
692 2099 1002 2163 mandarat
1030 2098 1361 2161 communis
1393 2098 1646 2175 Graecia,
1678 2121 1921 2164 causam
1949 2123 1964 2163 ε

284 2212 644 2289 Accusoque
685 2207 885 2282 Parin,
917 2206 1316 2288 praedamque,
1349 2203 1768 2289 Helenamque
1799 2228 2052 2290 reposco
2079 2230 2093 2269 τ

285 2310 370 2372 Et
399 2331 612 2371 moveo
643 2309 969 2384 Priamum,
1001 2308 1364 2390 Priamoque
1395 2307 1699 2370 Antenora
1722 2307 2019 2392 junctum.
2109 2315 2230 2372 201

283 2417 367 2477 At
396 2415 584 2490 Paris,
616 2429 676 2476 et
703 2414 928 2490 fratres,
962 2428 1023 2476 et
1057 2415 1156 2497 qui
1183 2414 1435 2495 rapuere
1466 2415 1573 2475 sub
1605 2413 1723 2488 illo,

281 2519 405 2581 Vix
436 2519 681 2582 tenuere
712 2541 923 2581 manus
958 2517 1101 2602 (sois
1129 2518 1266 2591 hoe,
1296 2515 1609 2600 Menelae')
1642 2515 1933 2581 nefandas
1960 2540 1977 2579 z

279 2624 600 2707 Primaque
630 2626 733 2685 lux
762 2623 943 2686 nostri
970 2637 1171 2684 tecum
1201 2619 1309 2682 suit
1338 2620 1435 2681 illa
1464 2619 1709 2702 pericli-2

364 2730 576 2813 Longa
605 2728 827 2793 referre
856 2749 1028 2791 mora
1049 2741 1157 2802 est,
1190 2748 1320 2809 quae
1351 2725 1714 2809 consilioque
1742 2747 2041 2813 manuque
2104 2734 2231 2794 205

275 2834 509 2899 Utiliter
539 2835 654 2898 feci
683 2835 921 2919 spatiosi
950 2847 1217 2916 tempore
1250 2832 1408 2895 belli.

275 2941 424 3006 Post
453 2943 612 3004 acies
643 2942 877 3024 primas,
908 2940 1066 3002 urbis
1095 2961 1160 3001 se
1189 2939 1484 3002 moenibus
1511 2941 1710 3005 hostes

275 3046 639 3112 Continuere
670 3047 768 3108 diu
791 3070 809 3123 3
852 3067 965 3107 nec
998 3045 1181 3127 aperti
1211 3046 1383 3127 copia
1412 3044 1621 3108 Martis

271 3150 412 3215 Ulla
442 3152 588 3222 fuit:
634 3152 867 3214 decimo
899 3151 1141 3213 demum
1171 3150 1558 3234 pugnavimus
1590 3173 1762 3214 anno.

273 3258 440 3334 Quid
471 3259 616 3322 facis
645 3260 884 3333 interea,
919 3259 1016 3342 qui
1045 3258 1125 3319 nil
1153 3256 1261 3318 nisi
1289 3256 1501 3339 proelia
1528 3255 1679 3318 nosti
1703 3257 1728 3318 ?
2091 3266 2217 3325 210

268 3366 423 3440 Quis
452 3381 585 3428 tuus
614 3387 754 3427 usus
784 3364 956 3426 erat?
1003 3363 1067 3426 Ν
1070 3384 1167 3425 am
1196 3363 1243 3425 si
1273 3383 1413 3423 mea
1435 3359 1592 3423 faeta
1620 3364 1884 3447 requiris,

266 3472 552 3536 Hostibus
582 3472 815 3535 insidior
841 3494 856 3532 z
901 3468 1089 3532 fossas
1118 3467 1440 3530 munimine
1472 3467 1641 3550 cingo
1669 3492 1683 3529 :
1736 3513 1742 3520 -

267 3576 559 3643 Consolor
591 3577 801 3652 sociOS‚
832 3590 895 3639 ut
930 3575 1086 3658 longi
1115 3574 1290 3637 taedi‘a
1317 3571 1454 3634 belli

787 3687 856 3742 11
