2622 4207
414 298 440 352 1
453 293 532 352 34
1038 287 1788 349 METAMORPHOSEON

403 443 643 508 Occidit
682 466 716 508 a
746 443 875 508 forti
909 444 1022 528 (sic
1050 467 1154 508 vos
1184 446 1468 532 voluistis)
1501 448 1752 510 Achille.

400 548 524 625 Da,
553 570 785 633 precor,
815 551 951 614 huic
997 551 1272 632 aliquem,
1304 551 1509 613 solatia
1536 552 1757 626 mortis,
1786 552 2094 630 honorem,

397 655 647 717 Summe
678 655 857 716 deum
886 669 1100 731 rector,
1130 670 1516 739 maternaque
1547 658 1788 720 vulnera
1815 658 1974 719 leni)

482 759 710 844 Jupiter
740 773 1020 822 annuerat
1044 783 1063 839 3
1108 761 1248 823 cum
1284 761 1617 824 Memnonis
1649 762 1867 825 arduus
1910 763 2024 827 alto

393 865 632 929 Corruit
660 865 794 946 igne
823 886 1019 947 roguS‚
1050 862 1315 948 nigrique
1346 860 1644 929 volumina
1673 866 1816 929 fumi

390 969 662 1031 lnfecere
693 969 851 1032 diem
879 991 894 1029 ε
937 969 1115 1031 veluti
1146 970 1283 1032 cum
1317 970 1556 1033 flumina
1586 986 1749 1035 natas

389 1074 694 1137 Exhalant
720 1075 985 1148 nebulas,
1016 1095 1129 1136 nec
1162 1075 1248 1136 sol
1287 1075 1605 1138 admittitur
1634 1075 1801 1137 infra.

389 1181 540 1243 Atra
568 1179 760 1242 favilla
788 1180 962 1254 volat,
995 1180 1434 1262 glomerataque
1467 1203 1680 1263 corpus
1712 1181 1768 1241 in
1799 1200 1981 1242 unum

391 1285 733 1362 Densatur3
777 1283 1111 1365 faciemque
1150 1285 1348 1366 capit:
1395 1286 1686 1368 sumitque
1717 1286 1978 1346 calorem

387 1391 587 1472 Atque
620 1389 875 1450 animam
906 1409 985 1448 ex
1016 1388 1154 1469 igni.
1245 1387 1487 1450 Levitas
1518 1411 1622 1451 sua
1650 1390 1894 1470 praebuit
1924 1388 2063 1452 alas.

390 1492 476 1556 Et
506 1491 695 1576 primo
727 1492 926 1554 similis
954 1493 1200 1568 volucri,
1231 1512 1375 1554 mox
1404 1514 1544 1554 vera
1582 1492 1832 1556 volucris

387 1598 648 1661 Insonuit
674 1596 902 1679 pennis.
991 1595 1221 1660 Pariter
1252 1597 1502 1658 sonuere
1533 1618 1761 1660 sorores

386 1703 738 1778 Innumerae,
784 1703 994 1785 quibus
1024 1717 1114 1765 est
1144 1701 1359 1764 eadem
1388 1701 1593 1764 natalis
1621 1703 1806 1784 origo.

389 1808 635 1892 Terque
665 1829 874 1890 rogum
904 1809 1145 1871 lustrant
1170 1831 1185 1868 ε
1232 1821 1291 1869 et
1320 1828 1610 1870 consonus
1640 1808 1763 1869 exit
1790 1808 1848 1869 in
1880 1829 2050 1871 auras

389 1913 519 1976 Ter
548 1916 788 1996 clangor
815 1937 830 1974 τ
878 1928 1083 1997 quarto
1112 1914 1405 1976 seducunt
1432 1927 1624 1976 castra
1659 1913 1873 1974 volatu.

391 2019 558 2081 Tum
589 2019 707 2079 duo
739 2019 973 2080 diversa
999 2014 1198 2100 populi
1230 2018 1304 2078 de
1337 2030 1502 2098 parte
1535 2016 1766 2078 seroces

391 2124 566 2187 Bella
595 2136 821 2203 gerunt,
852 2123 1185 2203 rostrisque,
1219 2135 1279 2181 et
1309 2120 1552 2181 aduncis
1582 2121 1871 2202 unguibus
1902 2124 2019 2187 iras

392 2226 720 2299 Exercent,
753 2226 990 2306 alasque
1023 2225 1385 2305 adversaque
1416 2236 1659 2304 pectora
1686 2224 1942 2287 lassant:

390 2329 738 2412 Inseriaeque
769 2329 989 2390 cadunt
1016 2328 1198 2389 cineri
1238 2341 1490 2408 cognata
1519 2328 1745 2409 sepulto

394 2434 667 2519 Corpora
692 2458 707 2496 τ
754 2454 935 2517 seque
964 2434 1087 2495 viro
1118 2430 1248 2494 forti
1277 2432 1602 2496 meminere
1634 2446 1882 2495 creatas,

477 2541 845 2625 Praepetibus
875 2539 1074 2603 subitis
1102 2560 1321 2601 nomen
1349 2537 1490 2601 facit
1517 2552 1718 2601 auctor
1742 2560 1761 2616 3
1805 2539 1877 2600 ab
1906 2539 2001 2602 illo

394 2648 813 2713 Memnonides
842 2648 1030 2722 dictae,
1061 2645 1201 2708 cum
1232 2645 1318 2707 sol
1349 2644 1623 2707 duodena
1651 2643 1876 2727 peregit

397 2755 600 2836 Signa,
629 2752 911 2836 parentali
941 2751 1218 2832 periturae·
1237 2748 1431 2809 Marte
1460 2748 1761 2809 rebellant.

398 2857 564 2938 Ergo
595 2856 717 2917 aliis
743 2854 984 2915 latrasse
1015 2850 1380 2934 Dymantida
1421 2850 1613 2911 flebile
1645 2850 1830 2912 visum
1858 2875 1874 2913 ε

395 2959 685 3023 Luctibus
715 2971 804 3019 est
830 2958 1063 3018 Aurora
1093 2955 1208 3017 suis
1236 2954 1473 3030 intenta,
1501 2955 1746 3038 piasque

399 3063 577 3127 Nunc
609 3083 842 3147 quoque
873 3061 975 3125 dat
1000 3059 1310 3144 lacrymaS,
1343 3073 1403 3123 et
1428 3073 1549 3123 toto
1576 3074 1732 3123 rorat
1758 3061 1817 3123 in
1846 3062 2009 3124 orbe.

2234 454 2360 514 590

2227 978 2348 1039 595

2223 1496 2347 1556 600

2227 2019 2346 2081 605

2223 2549 2342 2607 610

2216 3068 2343 3127 615
