2622 4207
301 250 379 309 10
930 237 1687 298 METAMORPHOSEON

290 400 436 476 Quo
455 421 641 477 mare,
666 419 784 486 quo
811 399 1003 475 telluS‚
1032 413 1423 483 correptaque
1444 398 1608 482 regia
1636 396 1774 459 coeli

291 507 560 588 Ardeat3
605 522 665 572 et
686 507 889 571 mundi
919 507 1108 569 moles
1135 526 1389 590 operosa
1416 505 1663 568 laboret.

294 611 453 677 Tela
479 627 859 699 reponuntur,
888 612 1160 676 manibus
1189 609 1472 675 fabricata
1501 609 1864 694 Cyclopum.

295 717 492 783 Poena
519 719 716 803 placet
744 718 995 796 diversa,
1025 740 1211 802 genus
1232 717 1480 781 mortale
1510 716 1619 779 sub
1650 714 1821 778 undis
1907 720 1916 723 ⁴
2126 715 2257 777 260
2343 712 2348 715 ’

296 824 588 901 Perdere,
619 840 679 888 et
709 845 789 888 ex
817 825 978 888 omni
1005 824 1237 888 nimbos
1266 823 1559 887 dimittere
1589 821 1766 884 coelo.

295 929 571 995 Protinus
597 930 809 996 AEoliis
837 932 1196 1016 Aquilonem
1227 930 1450 995 claudit
1477 930 1536 993 in
1560 928 1756 1005 antriS‚

297 1034 385 1099 Et
412 1057 777 1122 quaecunque
808 1036 1010 1122 fugant
1036 1038 1307 1101 inductas
1336 1035 1577 1099 flamina
1603 1034 1793 1098 nubes
1819 1055 1836 1096 ε

298 1139 646 1227 Emittitque
676 1143 926 1208 Notum.
1016 1142 1279 1208 Madidis
1308 1143 1504 1206 Notus
1534 1140 1728 1205 evolat
1755 1139 1859 1204 alis
1889 1161 1909 1218 3

296 1243 653 1313 Terribilem
682 1247 859 1333 picea
884 1262 1074 1312 tectus
1104 1249 1354 1331 caligine
1384 1248 1628 1310 vultum.
2127 1244 2259 1309 265

303 1350 508 1415 Barba
538 1353 728 1436 gravis
750 1354 962 1417 nimbis
986 1376 1007 1430 3
1050 1354 1214 1418 canis
1242 1353 1368 1417 fluit
1390 1351 1845 1437 unda‘capillis:

302 1455 527 1521 Fronte
559 1458 769 1522 sedent
795 1460 1024 1524 nebulae
1052 1481 1069 1521 ε
1111 1474 1310 1524 rorant
1338 1479 1688 1544 pennaeque,
1719 1457 2018 1543 sinusque.

301 1558 506 1646 thue
535 1584 717 1627 manu
747 1563 867 1628 lata
892 1565 1212 1650 pendentia
1239 1566 1440 1629 nubila
1466 1566 1717 1650 pressit3

304 1664 405 1730 Fit
433 1665 628 1753 stagor
662 1664 687 1731 t*
722 1671 860 1736 hinc
891 1672 1059 1735 denffl'
1088 1669 1407 1736 funduntur
1431 1672 1504 1734 ab
1530 1672 1750 1736 aethere
1777 1669 1981 1737 nimbi,

303 1771 529 1837 Nuntia
552 1772 822 1853 Jumnis,
851 1777 1043 1842 varios
1071 1778 1276 1841 induta
1302 1778 1555 1855 colores,
2025 1814 2036 1822 ·
2134 1773 2270 1838 270

303 1875 583 1963 Concipit
609 1878 718 1944 Iris
741 1903 944 1966 aquas,
970 1882 1363 1967 alimentaque
1392 1883 1645 1947 nubibus
1672 1881 1861 1946 affert.

307 1980 657 2044 Sternuntur
686 1999 940 2066 segeteS‚
965 2000 1026 2047 et
1048 1986 1355 2068 deplorata
1383 1986 1578 2048 coloni

304 2080 464 2148 Vota
482 2084 687 2171 jacent
710 2108 739 2165 ⁶,
773 2086 1049 2171 longique
1079 2086 1244 2150 labor
1263 2086 1417 2170 perit
1438 2074 1628 2149 irritus
1652 2083 1806 2150 anni.

392 2188 533 2253 Nec
562 2191 717 2254 coelo
739 2203 1016 2253 contenta
1045 2212 1153 2254 suo
1179 2188 1346 2253 Jovis
1372 2190 1461 2253 ira
1485 2211 1502 2250 t
1546 2189 1653 2253 sed
1682 2188 1844 2252 illum

306 2293 615 2359 Caeruleus
645 2293 821 2358 frater
839 2296 1008 2381 juvat
1031 2296 1406 2360 auxiliaribus
1434 2295 1627 2358 undis.
2135 2298 2264 2358 275

311 2398 624 2464 Convocat
649 2400 748 2463 hic
780 2422 1005 2466 amnes.
1098 2400 1222 2478 Qui
1246 2414 1566 2486 postquam
1594 2412 1754 2465 tecta
1771 2397 2010 2484 »tyranni

309 2504 608 2570 Intravere
638 2506 748 2585 sui,
780 2514 797 2545 ‘
818 2507 883 2571 N
883 2530 962 2572 on
990 2523 1083 2575 est
1108 2507 1436 2573 hortamine
1462 2510 1641 2592 longo

311 2610 514 2689 Nunc,
540 2612 557 2643 ’
581 2613 678 2691 ait,
712 2620 728 2650 ‘
758 2614 1047 2679 utendum
1074 2637 1090 2678 t
1134 2615 1287 2679 vires
1317 2615 1598 2678 effimdite
1626 2631 1871 2679 vestras·

313 2717 416 2779 Sic
446 2740 596 2800 opus
626 2732 716 2782 est
741 2740 757 2780 ε
804 2719 1024 2802 aperite
1057 2719 1304 2780 domos:
1351 2739 1445 2793 ac,
1475 2718 1634 2779 mole
1664 2715 1913 2791 remota,

314 2819 686 2884 Fluminibus
716 2821 920 2884 vestris
948 2834 1100 2885 totas
1127 2820 1419 2883 immittite
1448 2819 1754 2883 habenas.’
2142 2824 2272 2884 280

311 2923 352 2987 J
355 2940 597 2989 usserat.
692 2925 776 2990 Hi
808 2926 1077 3001 redeunt,
1109 2948 1181 2990 ac
1212 2923 1466 2990 sontibus
1493 2946 1599 2989 ora
1624 2927 1912 3003 relaxant,

317 3031 400 3097 Et
429 3033 748 3100 defraenato
776 3036 1085 3100 volvuntur
1114 3035 1175 3098 in
1205 3056 1442 3119 aequora
1469 3056 1669 3098 cursu.
1709 3077 1715 3082 ·

316 3138 451 3224 Ipse
480 3140 730 3205 tridente
761 3162 868 3204 suo
894 3154 1114 3205 terram
1158 3141 1489 3226 percussit:
1536 3155 1595 3204 at
1621 3140 1721 3204 illa

315 3244 639 3323 Intremuit,
670 3261 952 3332 motuque
981 3247 1142 3311 sinus
1168 3246 1451 3331 patefecit
1473 3267 1780 3330 aquarum.

318 3350 670 3435 Exspatiata
698 3366 872 3416 ruunt
897 3375 1004 3438 per
1035 3368 1269 3438 apertos
1297 3352 1541 3417 flumina
1570 3372 1861 3436 campos;
2145 3352 2274 3413 285

321 3454 601 3541 Cumque
634 3458 772 3522 satis
802 3459 1038 3540 arbusta
1066 3460 1260 3537 simul,
1289 3455 1700 3543 pecudesque,
1730 3458 2022 3542 virosque,

322 3560 662 3647 Tectaque,
685 3584 943 3649 cumque
974 3565 1093 3631 suis
1121 3565 1354 3649 rapiunt
1381 3563 1701 3648 penetralia
1731 3563 1934 3628 sacris.

325 3668 392 3764 Si
422 3692 543 3755 qua
571 3671 783 3738 domus
811 3672 1042 3750 mansit,
1071 3672 1380 3757 potuitque
1408 3670 1680 3736 resistere
1709 3683 1870 3734 tanto
