2622 4207
1143 243 1373 303 LIBER
1409 243 1455 301 1.
2250 245 2290 309 9

325 403 503 480 Quos
531 403 708 468 simul
736 404 1012 488 imposuit
1041 405 1277 480 mensiS,
1309 425 1424 488 ego
1451 402 1688 467 vindice
1715 399 1961 466 flammi
2159 404 2291 465 230

320 509 397 573 ln
427 509 667 573 domino
699 509 908 592 dignos
939 510 1122 572 everti
1151 524 1308 572 tecta
1338 507 1621 572 Penates-

323 614 598 680 Territus
627 615 722 677 ille
755 615 943 698 fugit3
986 629 1308 699 nactusque
1341 614 1567 677 silentia
1595 613 1744 677 ruris

322 719 636 797 Exululat,
660 719 999 805 frustraque
1029 721 1188 805 loqui
1218 735 1462 784 conatur
1488 743 1505 782 z
1551 720 1624 783 ab
1653 719 1785 804 ipso

322 825 568 910 Colligit
595 848 664 890 os
691 827 937 902 rabiem,
968 826 1262 909 solitaeque
1293 825 1569 909 cupidine
1592 824 1771 888 caedis

321 929 588 995 Vertitur
617 933 675 994 in
704 920 1013 1017 pecudes:
1059 946 1118 994 et
1144 954 1301 995 nunc
1334 950 1569 1017 quoque
1600 930 1880 1015 sanguine
1910 928 2150 1015 gaudet.

319 1034 394 1098 In
422 1037 588 1101 villos
612 1038 829 1099 abeunt
857 1050 1073 1113 vesteS‚
1101 1036 1163 1098 in
1191 1057 1368 1098 crura
1394 1035 1620 1098 lacerti.
2153 1034 2287 1098 236

320 1138 427 1204 Fit
453 1141 648 1224 lupus,
681 1156 741 1204 et
767 1141 982 1203 veteris
1011 1153 1204 1202 servat
1229 1139 1475 1223 vestigia
1503 1140 1725 1202 formae.

317 1245 592 1310 Canities
620 1248 840 1311 eadem
871 1261 977 1323 est,
1008 1246 1222 1310 eadem
1252 1246 1523 1311 violentia
1551 1247 1709 1310 vultu
1736 1269 1754 1307 τ

317 1350 497 1416 Idem
526 1353 683 1415 oculi
711 1353 951 1417 lucent:
994 1354 1209 1417 eadem
1238 1352 1477 1416 feritatis
1504 1352 1723 1437 imago.

411 1453 655 1518 Occidit
683 1477 800 1518 una
829 1455 1040 1539 domus
1067 1477 1083 1516 ε
1128 1456 1236 1519 sed
1265 1479 1384 1519 non
1414 1455 1624 1520 domus
1653 1478 1771 1518 una
1799 1455 1992 1539 perire
2105 1507 2112 1512 .
2153 1454 2285 1516 240

316 1556 525 1642 Digna
556 1557 662 1622 fuit
688 1582 704 1622 ε
751 1559 868 1644 qua
895 1575 1052 1625 terra
1080 1575 1261 1645 patet,
1293 1559 1420 1624 fera
1447 1577 1651 1646 regnat
1680 1560 1966 1646 Erinnys.

316 1663 390 1726 In
422 1662 653 1727 facinus
674 1663 904 1748 jurasse
933 1680 1126 1749 putes.
1215 1664 1383 1729 Dent
1409 1667 1575 1729 ocius
1603 1688 1831 1743 omneS,

319 1765 502 1844 Quas
530 1769 811 1831 meruere
840 1770 961 1850 pati
993 1767 1107 1852 (sic
1136 1784 1250 1834 stat
1280 1768 1592 1855 sententia)
1625 1769 1875 1850 poenas.'

1134 2079 1482 2129 DILUVIUM.

1169 2295 1231 2337 v.
1276 2280 1430 2339 244.

318 2412 498 2479 Dicta
521 2410 684 2480 Jovis
711 2436 847 2501 pars
873 2438 1023 2482 voce
1051 2420 1323 2503 probant,
1355 2421 1733 2504 stimulosque
1762 2417 1974 2483 furenti

316 2520 621 2605 Adjiciunt
645 2542 660 2581 ε
707 2521 801 2583 alii
827 2535 1027 2603 partes
1055 2523 1403 2583 adsensibus
1435 2523 1699 2604 implent.
2149 2516 2277 2585 245

323 2620 443 2684 Est
467 2636 669 2686 tamen
699 2620 940 2684 humani
970 2622 1204 2705 generis
1221 2621 1458 2707 jactura
1487 2621 1672 2685 dolori

323 2724 619 2790 Omnibus
645 2749 661 2787 ε
706 2741 784 2803 et,
817 2748 945 2810 quae
977 2727 1049 2791 sit
1077 2741 1265 2803 terrae,
1298 2728 1636 2791 mortalibus
1665 2728 1844 2805 orbae,

319 2828 547 2894 Forma
576 2829 787 2908 futura,
818 2847 1026 2916 rogant
1051 2854 1067 2893 ε
1113 2832 1241 2915 quis
1263 2833 1336 2895 sit
1362 2833 1579 2897 laturus
1606 2834 1666 2897 in
1697 2855 1828 2897 aras

322 2930 585 2995 Thura?
632 2931 845 2997 ferisne
874 2947 1045 3018 paret
1072 2935 1439 3018 populandas
1468 2936 1702 3000 tradere
1734 2935 1989 3019 gentes?

320 3036 501 3100 Talia
531 3052 859 3122 quaerentes
891 3036 1036 3123 (sibi
1058 3039 1216 3101 enim
1245 3037 1372 3102 fore
1402 3055 1618 3104 caetera
1646 3040 1831 3127 curae)
2146 3045 2277 3105 250

322 3142 472 3206 Rex
502 3142 799 3227 supersim«
812 3144 1104 3228 trepidare
1133 3158 1311 3222 vetat,
1343 3148 1727 3231 sobolemque
1755 3147 1932 3231 priori

322 3247 688 3311 Dissimilem
717 3250 937 3333 populo
964 3251 1242 3333 promittit
1269 3252 1492 3335 origine
1521 3250 1692 3314 mira.

405 3352 664 3439 Jamque
695 3369 820 3418 erat
847 3355 905 3417 in
933 3367 1086 3419 totas
1114 3369 1421 3440 sparsurus
1450 3356 1691 3420 fulmina
1718 3371 1903 3422 terras
1926 3381 1947 3438 ;

322 3457 449 3521 Sed
479 3458 686 3536 timuit,
716 3481 792 3523 ne
824 3458 971 3524 forte
1002 3482 1171 3524 sacer
1199 3475 1285 3524 tot
1313 3461 1387 3524 ab
1417 3462 1645 3544 ignibus
1672 3463 1853 3527 aether

318 3562 685 3647 Conciperet
712 3563 1003 3642 flammas,
1031 3565 1359 3648 longusque
1390 3566 1725 3630 ardesceret
1752 3567 1900 3630 πίε.
2147 3563 2275 3621 255

319 3666 474 3733 Esse
506 3690 758 3761 quoque,
772 3669 831 3733 in
860 3668 990 3734 fatis
1017 3669 1424 3746 reminiscitur,
1453 3672 1638 3736 affore
1663 3685 1920 3752 tempuS,
