2622 4207
375 275 493 333 140
993 258 1744 319 METAMORPHOSEON

368 423 717 496 Decertare,
746 421 981 503 placet3
1025 419 1382 501 Tatiumque
1414 417 1703 479 accedere
1733 433 1936 495 regno.
2210 414 2325 472 155

456 527 781 590 Occiderat
808 525 1035 600 Tatius,
1064 523 1407 606 populisque
1440 535 1665 603 aequata
1697 519 1945 591 duobus,

370 632 652 707 Romule,
673 633 809 716 jura
839 632 1056 693 dabas:
1098 628 1288 710 posita
1318 628 1453 689 cum
1485 626 1714 687 casside
1752 622 1993 684 Mavors

368 738 614 801 Talibus
644 738 848 800 affatur
877 734 1193 816 divumque
1238 731 1658 812 hominumque
1690 741 1995 810 parentem
2012 746 2037 793 ,z

373 851 390 881 ⁸
413 843 684 924 Tempus
713 840 899 914 adest,
932 838 1174 920 genitor,
1209 834 1512 920 (quoniam
1545 831 1881 894 fundamine
1914 850 2128 911 magno

372 949 502 1012 Res
534 944 806 1008 Romana
836 945 1007 1017 valet,
1037 964 1149 1003 nec
1179 941 1427 1023 praeside
1459 938 1679 1021 pendet
1709 937 1783 997 ab
1816 933 1962 1018 uno)
2203 935 2324 995 160

371 1051 647 1126 Praemia,
679 1071 807 1132 quae
838 1048 1122 1130 promissa
1151 1045 1290 1106 mihi
1324 1045 1616 1126 dignoque
1648 1040 1864 1122 nepoti,

374 1156 641 1230 Solvere,
673 1168 733 1215 et
762 1154 1018 1215 ablatum
1047 1150 1215 1212 terris
1256 1150 1556 1230 imponere
1588 1147 1764 1208 coelo.

301 1294 313 1301 -
373 1259 476 1322 Tu
508 1260 644 1321 mihi
675 1257 921 1319 concilio
953 1254 1244 1338 quondam
1270 1266 1555 1334 praesente
1586 1251 1852 1325 deorum,

379 1365 568 1449 (Nam
602 1382 888 1434 memoro,
919 1357 1282 1438 memorique
1316 1357 1510 1417 animo
1539 1356 1637 1436 pia
1665 1355 1847 1416 verba
1873 1350 2094 1436 notavi)

373 1477 415 1519 ι(
439 1468 610 1528 Unus
639 1466 764 1540 erit,
798 1484 975 1545 quem
1004 1476 1065 1522 tu
1094 1461 1259 1521 tolles
1289 1460 1348 1519 in
1378 1459 1590 1520 caerula
1621 1458 1818 1532 coeli,”
2198 1459 2323 1520 165

374 1571 609 1636 Dixisti.
701 1569 859 1630 Rata
890 1567 959 1628 sit
986 1567 1295 1627 verborum
1328 1585 1557 1625 summa
1585 1562 1861 1624 tuorum.'

463 1675 684 1739 Annuit
711 1672 1098 1755 omnipotenS,
1129 1683 1189 1731 et
1216 1670 1469 1758 nubibus
1510 1673 1646 1731 aera
1676 1667 1848 1751 caecis
1899 1692 1903 1696 ·

376 1780 676 1854 Occuluit‚
704 1778 1031 1858 tonitruque
1063 1787 1123 1835 et
1150 1772 1374 1854 fulgure
1404 1772 1605 1835 terruit
1634 1770 1883 1833 Urbem.

376 1887 530 1960 Quae
563 1885 667 1947 sibi
698 1882 990 1967 promissae
1022 1880 1199 1941 sensit
1221 1879 1357 1966 data
1387 1878 1545 1959 signa
1576 1875 1810 1958 rapinae‚

372 1992 730 2071 Innixusque
761 1989 958 2059 hastae,
988 2005 1218 2065 pressos
1240 1996 1476 2042 temone
1505 1995 1747 2043 cruento
2200 1984 2322 2042 170

373 2093 712 2177 Impavidus
740 2086 1078 2151 conscendit
1107 2106 1289 2165 equos
1321 2084 1632 2157 Gradivu5‚
1665 2096 1724 2144 et
1749 2083 1868 2145 ictu

372 2195 653 2258 Verberis
681 2190 967 2271 increpuit
991 2210 1006 2247 ε
1049 2207 1418 2271 pronumque
1445 2208 1553 2267 per
1583 2189 1721 2247 aera
1748 2187 1946 2268 lapsus
1991 2252 1994 2255 ,

373 2298 645 2364 Constitit
665 2296 721 2355 in
752 2312 983 2354 summo
1011 2288 1304 2351 nemorosi
1336 2289 1484 2349 colle
1509 2287 1699 2349 Palati
1726 2309 1741 2348 ε

366 2403 869 2480 Reddentemque
900 2417 1004 2459 suo
1024 2394 1150 2481 jam
1180 2392 1338 2476 regia
1351 2391 1486 2476 jura
1509 2389 1722 2465 Quiriti

374 2507 628 2573 Abstulit
653 2504 898 2567 Iliaden.
989 2499 1223 2584 Corpus
1244 2498 1490 2561 mortale
1511 2519 1617 2581 per
1648 2518 1816 2559 auras
1860 2538 1867 2544 -
2200 2506 2317 2563 175

374 2615 684 2697 Dilapsum
714 2625 921 2671 tenues
948 2629 963 2669 z
1006 2627 1117 2668 ceu
1148 2603 1264 2667 lata
1291 2605 1571 2686 plumbea
1600 2600 1782 2665 funda

372 2719 554 2782 Missa
585 2716 730 2779 solet
760 2712 957 2774 medio
987 2711 1148 2791 glans
1176 2709 1539 2769 intabescere
1570 2708 1743 2770 coe10.

371 2822 628 2884 Pulchra
659 2817 809 2879 subit
838 2813 1037 2886 facies,
1070 2824 1129 2872 et
1155 2811 1546 2891 pulvinaribus
1575 2811 1701 2872 altis

371 2924 639 3005 Dignior,
672 2933 732 2980 et
762 2915 942 2999 qualis
968 2913 1209 2975 trabeati
1239 2912 1425 2974 forma
1456 2912 1708 2985 Quirini.

457 3026 670 3088 Flebat
697 3035 759 3082 ut
789 3019 1062 3081 amissum
1092 3016 1306 3100 conjux
1332 3040 1351 3095 3
1395 3018 1532 3079 cum
1562 3018 1721 3102 regia
1748 3015 1904 3083 Juno
2196 3025 2313 3084 180

373 3133 490 3196 Irin
522 3130 597 3192 ad
629 3124 945 3189 Hersiliam
975 3122 1340 3184 descendere
1371 3122 1548 3185 limite
1578 3145 1758 3186 curvo

371 3240 629 3318 Imperat
655 3255 670 3293 z
715 3244 774 3312 et
795 3249 993 3290 vacuae
1022 3247 1126 3288 sua
1156 3226 1238 3287 sic
1268 3227 1544 3287 mandata
1577 3225 1818 3289 referre.

372 3351 388 3381 ‘
414 3341 473 3404 O
504 3352 562 3400 et
585 3338 660 3399 de
692 3333 884 3409 Latia,
913 3356 951 3393 o
982 3344 1040 3393 et
1069 3331 1144 3391 de
1174 3343 1347 3411 gente
1380 3329 1598 3391 Sabina

364 3444 759 3524 Praecipuum,
788 3450 1069 3510 matrona,
1101 3436 1326 3511 decus3
1372 3433 1705 3515 dignissima
1745 3438 1884 3498 tanti

365 3550 520 3615 Ante
553 3546 723 3608 fuisse
746 3542 870 3615 viri,
901 3540 1116 3624 conjux
1144 3561 1299 3602 nunc
1329 3560 1460 3601 esse
1485 3537 1712 3611 Quirini
1735 3562 1757 3619 3
1986 3537 1989 3540 ’
2188 3548 2303 3606 185

367 3656 521 3717 Siste
550 3665 680 3713 tuos
708 3647 878 3710 fletus
904 3667 918 3705 :
963 3659 1040 3718 et,
1072 3645 1117 3706 si
1147 3644 1246 3706 tibi
1274 3666 1417 3707 cura
1444 3644 1681 3706 videndi
