2622 4207
1052 267 1284 331 mBER
1320 272 1475 339 XIII·-
2131 284 2158 343 1
2173 270 2248 342 15

934 661 1211 731 LIBER
1255 664 1429 732 XIII.

340 928 688 981 enarum&
728 939 941 983 mma
984 940 1235 983 Ancum
1280 941 1366 984 m·
1410 942 1701 986 umssma
1746 942 1838 985 nn
1881 938 2186 987 Acmnms

1170 1048 1387 1090 Anum.

1213 1242 1270 1280 v.
1309 1225 1366 1281 1.

298 1362 647 1429 Consedere
678 1366 900 1430 ducesz
944 1382 1022 1444 et,
1052 1369 1206 1453 vulgi
1247 1382 1433 1434 stante
1464 1369 1703 1448 corona,

295 1472 495 1555 Surgit
522 1471 599 1535 ad
627 1472 736 1536 hos
757 1473 953 1557 clypei
982 1473 1253 1539 dominus
1288 1477 1688 1561 septemplicis
1719 1478 1898 1564 Ajax.

293 1574 495 1662 thue
525 1593 650 1641 erat
676 1579 986 1662 impatiens
1022 1581 1142 1657 irae,
1175 1580 1380 1664 Sigeia
1406 1594 1599 1645 torvo·

293 1680 521 1747 Littora
542 1685 823 1768 respexit,
854 1684 1223 1769 classemque
1253 1686 1314 1747 in
1342 1687 1554 1763 littore,
1585 1688 1747 1750 vultu
1773 1710 1788 1748 ε
2122 1753 2126 1759 ,

293 1786 731 1871 Intendensque
762 1810 990 1864 manus,
1022 1796 1039 1827 ‘
1063 1790 1336 1871 Agimus,
1366 1790 1474 1873 pro
1501 1789 1770 1873 Jupiter‚’
1800 1791 1986 1873 inquit
2174 1808 2178 1812 *
2209 1794 2248 1852 ὃ

294 1901 310 1930 ‘
331 1894 491 1956 Ante
520 1907 679 1955 rates
707 1913 951 1955 causam
976 1915 995 1971 ;
1040 1906 1100 1955 et
1127 1898 1370 1955 mecum
1398 1891 1696 1956 confertur
1724 1892 1971 1977 Ulysses
1997 1895 2012 1955 Ξ

291 1998 376 2062 At
403 2020 524 2061 non
556 1995 874 2061 Hectoreis
904 1997 1184 2061 dubitavit
1211 1999 1431 2061 cedere
1461 1997 1714 2063 flammis
1739 2021 1755 2060 ε

292 2101 465 2177 Quas
495 2125 610 2187 ego
640 2102 880 2166 sustinui
904 2127 923 2183 3
971 2123 1114 2187 quas
1142 2103 1258 2166 hac
1288 2127 1324 2167 a
1353 2105 1542 2168 classe
1572 2102 1788 2189 fugavi.
1836 2142 1845 2150 ·

292 2208 505 2272 Tutius
535 2224 626 2272 est
652 2208 803 2271 fictis
839 2209 1010 2293 igitur
1041 2209 1400 2273 contendere
1430 2210 1644 2287 verbiS,

292 2314 494 2389 Quam
525 2336 788 2399 pugnare
817 2336 1017 2377 manu.
1111 2313 1238 2377 Sed
1268 2337 1383 2379 nec
1413 2315 1559 2379 mihi
1586 2316 1786 2380 dicere
1814 2330 2172 2403 promptum,

293 2418 429 2484 Nec
461 2421 659 2484 facere
692 2437 782 2486 est
806 2423 935 2485 isti:
980 2432 1378 2502 quantumque
1409 2443 1524 2504 ego
1561 2420 1755 2484 Marte
1787 2423 1989 2500 feroci,
2172 2428 2240 2487 11

294 2527 601 2602 Quantum
627 2527 757 2590 acie
785 2527 977 2601 vale0,
1006 2539 1231 2587 tantum
1259 2525 1417 2587 valet
1444 2526 1552 2587 iste
1582 2525 1900 2607 loquendo.

295 2633 358 2698 N
360 2655 433 2697 ec
462 2630 851 2696 memoranda
878 2643 1079 2692 tamen
1106 2628 1270 2690 vobis
1299 2650 1438 2690 mea
1480 2626 1656 2705 facta,
1687 2628 1946 2712 Pelasgi,

296 2738 451 2802 Esse
479 2760 612 2801 reor
640 2759 655 2798 ε
699 2735 919 2798 vidistis
949 2733 1129 2796 enim.
1223 2731 1350 2797 Sua
1376 2746 1572 2797 narret
1597 2731 1886 2817 Ulysses:

295 2845 450 2920 Quae
482 2844 607 2907 sine
635 2855 782 2905 teste
811 2840 978 2924 gerit,
1010 2859 1259 2923 quorum
1287 2860 1409 2902 nox
1437 2839 1675 2904 conscia
1703 2840 1829 2904 sola
1856 2855 1966 2904 est.
2167 2847 2244 2907 15

384 2947 644 3012 Praemia
671 2968 886 3028 magna
913 2945 1034 3029 peti
1064 2942 1248 3008 fateor
1274 2967 1290 3006 ε
1336 2945 1444 3009 sed
1475 2946 1658 3010 demit
1684 2946 1972 3022 honorem

295 3054 594 3118 AEmuluS.
682 3052 854 3138 Ajaci
883 3072 1000 3114 non
1030 3052 1773 3134 est-tenuisse'superbum,

300 3161 390 3225 Sit
416 3160 557 3222 licet
593 3158 708 3222 hoc
738 3157 960 3241 ingenS,
993 3155 1275 3241 quidquid
1306 3156 1561 3238 speravit
1588 3154 1857 3238 Ulysses.

295 3266 414 3329 Iste
441 3265 570 3327 tulit
594 3264 844 3348 pretium
863 3249 991 3348 jam
1021 3283 1177 3325 nunc
1212 3259 1546 3325 certaminis
1573 3260 1745 3344 hujus
1769 3284 1789 3340 3
1936 3251 1939 3254 ¹

297 3369 439 3444 Quo
462 3371 603 3435 cum
630 3370 818 3433 victus
846 3369 973 3445 erit,
1001 3389 1240 3432 mecum
1269 3364 1530 3429 certasse
1560 3362 1798 3429 feretur.
2161 3375 2245 3434 20

384 3477 585 3561 Atque
607 3498 741 3559 ego,
773 3475 821 3538 si
847 3474 1027 3539 virtus
1055 3474 1114 3537 in
1143 3494 1242 3536 me
1273 3471 1602 3535 dubitabilis
1631 3485 1805 3552 esset,

298 3581 615 3646 Nobilitate
643 3595 852 3664 potens
880 3600 1094 3657 essem,
1121 3578 1458 3641 Telamone
1488 3592 1757 3641 creatus:

305 3686 525 3755 Moenia
556 3687 654 3771 qui
684 3685 816 3751 sorti
840 3685 1106 3772 Trojana
1134 3685 1243 3750 sub
1285 3682 1550 3748 Hercule
1579 3685 1778 3767 cepit:
