2622 4207
1004 292 1234 356 LIBER
1258 299 1416 355 XIII.
2123 308 2242 366 119

278 455 449 521 Mille
478 469 644 541 patet
669 454 873 541 plagis»,
902 478 1091 530 novus
1120 471 1210 521 est
1237 478 1551 522 successor
1583 456 1913 522 habendus.

370 561 675 645 Denique,
706 563 846 646 quid
875 562 1068 626 verbis
1095 561 1414 647 opus-est?
1459 577 1800 647 spectemur
1830 562 2062 648 agendo
2088 586 2103 625 ε

285 668 476 730 Arma
503 668 609 730 viri
639 666 800 730 fortis
827 668 1056 731 medios
1086 669 1386 732 mittantur
1415 668 1474 731 in
1503 669 1746 748 hostes;
2125 674 2238 732 121

282 772 434 836 Inde
454 772 664 858 jubete
694 774 814 856 peti
842 796 858 834 ε
902 787 963 835 et
988 771 1351 837 referentem
1378 787 1581 837 ornate
1612 774 1853 838 relatis?

371 877 639 941 Finierat
657 877 991 942 Telamone
1021 873 1181 943 satus
1206 901 1224 958 ;
1266 880 1541 963 vulgique
1572 893 1838 943 secutum

286 982 513 1047 Ultima
541 1006 807 1047 murmur
836 999 962 1048 erat
985 1007 1003 1045 ι
1047 986 1242 1048 donec
1266 984 1542 1047 Laertius
1569 985 1748 1048 heros

283 1089 528 1152 Adstitit
553 1113 569 1151 ε
615 1103 792 1173 atque
821 1091 1028 1152 oculos
1057 1090 1300 1172 paulum
1327 1089 1537 1151 tellure
1567 1102 1823 1154 moratos
2127 1094 2246 1154 125

287 1193 538 1275 Sustulit
568 1195 645 1256 ad
675 1214 998 1277 proceres3
1044 1192 1510 1278 exspectatoque
1548 1194 1784 1258 resolvit

288 1298 423 1362 Ora
454 1320 600 1362 sono
627 1321 643 1361 ε
686 1320 881 1382 neque
912 1300 1080 1363 abest
1107 1297 1373 1363 facundis
1404 1301 1590 1384 gratia
1618 1300 1810 1365 dictis.

379 1410 397 1440 ‘
426 1402 492 1465 Si
521 1424 658 1467 mea
679 1426 824 1467 cum
854 1405 1059 1469 vestris
1087 1405 1402 1470 valuissent
1430 1419 1587 1484 vota,
1616 1404 1877 1491 Pelasgi,

289 1509 431 1573 Non
462 1508 614 1573 foret
640 1511 949 1596 ambiguus
976 1512 1119 1575 tanti
1147 1512 1486 1575 certaminis
1514 1511 1703 1577 haeres
1737 1535 1753 1576 z

286 1615 508 1700 Tuque
537 1617 648 1679 tuis
679 1619 873 1693 armis,
902 1632 1098 1680 nos-te
1127 1631 1490 1701 poteremur,
1531 1618 1785 1683 Achille.
1999 1690 2002 1699 ὁ
2127 1621 2250 1679 130

291 1719 499 1794 Quem
528 1722 805 1804 quoniam
836 1743 953 1783 non
983 1742 1149 1804 aequa
1179 1721 1322 1783 mihi
1352 1721 1636 1803 vobisque
1666 1720 1954 1803 negarunt

291 1823 450 1888 Fata
474 1848 494 1903 ;
516 1825 534 1855 ’
584 1823 910 1907 (manuque
940 1824 1113 1884 simul
1148 1823 1329 1885 veluti
1356 1824 1741 1904 lacrymantia
1767 1825 1931 1886 tersit

292 1927 589 2013 Lumina)
623 1936 639 1965 ‘
649 1929 796 2015 ,fluis
825 1948 1042 2009 magno
1070 1927 1281 1990 melius
1310 1927 1599 1990 succedat
1632 1928 1871 2005 Achilli,

294 2033 502 2109 Quam
532 2053 643 2118 per
668 2054 850 2117 quem
882 2054 1127 2117 magnus
1156 2032 1387 2096 Danai's
1418 2035 1703 2097 successit
1742 2033 2057 2098 Achilles?

384 2138 549 2203 Huic
579 2138 760 2201 modo
789 2160 867 2201 ne
896 2140 1097 2222 prosit,
1129 2138 1309 2223 quod,
1344 2152 1406 2203 ut
1433 2153 1542 2215 est,
1574 2139 1760 2204 hebes
1796 2162 1929 2204 esse
1960 2141 2229 2205 videtur:

299 2245 473 2309 Neve
503 2245 646 2307 mihi
675 2258 908 2321 noceat,
940 2244 1098 2328 quod
1128 2245 1294 2313 vobis
1324 2264 1581 2329 semper,
1612 2245 1846 2324 Achivi,
2137 2250 2256 2310 136

297 2349 530 2415 Profuit
555 2351 854 2433 ingenium
880 2372 896 2412 ε
939 2371 1194 2433 meaque
1224 2352 1355 2413 haec
1384 2348 1680 2427 facundia,
1710 2352 1758 2415 si
1789 2373 1905 2435 qua
1933 2367 2043 2430 est,

299 2453 455 2528 Quae
485 2477 642 2519 nunc
672 2477 779 2539 pro
802 2455 1064 2531 domi110,
1095 2476 1202 2537 pro
1230 2455 1397 2518 vobis
1426 2476 1583 2539 saepe
1623 2456 1820 2519 locuta
1847 2469 1957 2532 est,

301 2560 526 2624 Invidia
553 2575 796 2624 careat:
838 2560 999 2621 bona
1025 2580 1139 2620 nec
1169 2579 1277 2622 sua
1313 2559 1559 2641 quisque
1588 2572 1843 2621 recuset.

301 2665 462 2729 Nam
493 2688 700 2749 genus,
732 2678 792 2727 et
819 2685 1090 2748 proavos,
1122 2676 1181 2725 et
1210 2683 1340 2746 quae
1366 2684 1486 2725 non
1525 2662 1777 2726 fecimus
1803 2646 1934 2748 ipsi,
2140 2670 2279 2730 140⁷

298 2769 423 2834 Vix
453 2794 528 2834 ea
555 2785 749 2834 nostra
780 2790 954 2833 voco.
1048 2767 1175 2831 Sed
1204 2768 1384 2845 enim,
1417 2769 1553 2852 quia
1579 2768 1774 2832 retulit
1800 2761 1959 2855 Ajax

302 2874 466 2940 Esse
495 2874 660 2939 Jovis
688 2856 1001 2960 pronepos,
1031 2875 1208 2938 nostri
1251 2896 1486 2959 quoque
1516 2874 1814 2959 sanguinis
1843 2890 2049 2941 auctor

300 2979 535 3066 Jupiter
563 2995 688 3045 est.
718 2977 1096 3066 totidemque
1127 2982 1346 3065 gradus
1375 2983 1658 3047 distamus
1688 2981 1761 3046 ab
1790 2983 1910 3046 illo.
1954 3035 1959 3038 .

301 3086 468 3151 Nam
496 3087 638 3149 mihi
667 3087 917 3150 Laertes
945 3092 1112 3171 pater
1140 3101 1248 3162 est,
1288 3088 1572 3151 Arcesius
1600 3089 1701 3164 illi,

301 3190 535 3276 Jupiter
560 3193 743 3255 huic:
783 3214 978 3277 neque
1006 3193 1065 3254 in
1093 3192 1186 3256 his
1215 3191 1522 3275 quisquam
1552 3192 1864 3266 damnatus
1892 3207 1954 3257 et
1980 3194 2174 3259 exsul.

304 3296 422 3362 Est
450 3318 685 3381 quoque
709 3319 817 3382 per
843 3311 1097 3361 matrem
1123 3291 1438 3379 Cyllenius
1468 3296 1673 3360 addita
1698 3296 1873 3362 nobis
2072 3341 2077 3356 =
2137 3305 2258 3374 146

303 3403 513 3467 Altera
540 3404 803 3466 nobilitas
829 3425 845 3465 z
890 3404 1038 3465 deus
1069 3415 1159 3465 est
1183 3402 1242 3465 in
1270 3415 1522 3483 utroque
1566 3414 1830 3483 parente.

307 3508 434 3572 Sed
465 3529 663 3591 neque
691 3522 956 3570 materno
986 3506 1147 3590 quod
1177 3527 1305 3569 sum
1336 3506 1676 3587 generosior
1699 3520 1852 3585 ortu,

306 3613 447 3678 Nec
475 3614 618 3676 mihi
647 3611 808 3695 quod
836 3628 1004 3696 pater
1034 3625 1126 3674 est
1144 3609 1382 3673 fraterni
1412 3611 1706 3693 sanguinis
1734 3612 1952 3687 ἰιιεοιιει,

306 3718 613 3804 Proposita
641 3738 805 3781 arma
831 3731 1013 3800 peto:
1054 3715 1278 3779 meritis
1305 3717 1635 3801 expendite·
1653 3735 1941 3784 emmanu-
1960 3773 1983 3792 „
2118 3714 2275 3786 ‘156'
