2622 4207
1058 276 1287 372 LniER
1325 316 1479 371 xm.
2115 314 2233 374 129

376 481 604 543 Littore
635 476 919 539 Threicio
948 476 1198 538 classem
1227 472 1503 556 religarat
1532 470 1787 544 Atrides,

281 585 453 648 Dum
484 606 646 646 mare
677 596 973 666 pacatum,
1008 581 1149 642 dum
1180 593 1388 641 ventus
1418 577 1660 640 amicior
1690 586 1866 636 esset.
1926 612 1933 615 Ἰ
2105 575 2228 633 435

284 688 409 751 Hic
442 689 649 764 subito,
682 702 950 771 quantus,
981 687 1119 748 curn
1148 687 1390 759 viveret,
1422 704 1552 746 esse
1583 680 1841 757 solebat,

283 793 432 855 Exit
461 795 642 855 humo
672 794 785 855 late
816 792 1006 876 rupta,
1038 792 1354 873 similisque
1385 788 1620 863 minaci,

279 896 602 981 Temporis
632 899 779 961 illius
808 900 1032 960 vultum
1061 896 1356 959 referebat
1385 893 1669 967 Achilles,

279 1002 422 1075 Quo
454 1003 610 1086 ferus
640 1003 847 1087 injusto
878 1003 1042 1085 petiit
1071 981 1524 1082 Agamemnona
1551 997 1726 1059 ferro.

279 1114 294 1142 ‘
313 1107 821 1188 Immemoresque
855 1108 973 1167 mei
1006 1105 1345 1178 disceditis‚’
1376 1103 1580 1184 inquit,
1613 1109 1629 1137 ‘
1651 1099 1907 1162 Achivi?
2102 1104 2227 1160 440

279 1211 626 1293 Obrutaque
659 1224 748 1272 est
777 1231 1017 1271 mecum
1046 1208 1265 1271 virtutis
1304 1208 1488 1290 gratia
1516 1218 1721 1268 nostrae
1748 1205 1774 1265 ?

280 1317 382 1378 Ne
418 1314 592 1377 facite
618 1337 632 1374 :
678 1328 857 1397 utque
888 1335 1092 1375 meum
1121 1310 1238 1375 non
1269 1313 1342 1375 sit
1372 1313 1494 1374 sine
1524 1311 1746 1372 honore
1777 1307 2131 1392 sepulcrum,

278 1419 492 1482 Placet
519 1419 823 1481 Achilleos
854 1431 1107 1481 mactata
1137 1416 1450 1500 Polyxena
1482 1414 1730 1478 manes.’

365 1524 538 1585 Dixit
564 1546 579 1583 :
625 1538 701 1600 et,
731 1516 939 1585 immiti
969 1524 1144 1587 sociis
1173 1523 1511 1606 parentibus
1540 1520 1781 1594 umbrae,

280 1627 480 1709 Rapta
509 1628 633 1689 sinu
664 1627 884 1702 matris,
918 1648 1095 1709 quam
1116 1628 1243 1710 jam
1274 1627 1458 1709 prope
1492 1627 1611 1687 sola
1643 1622 1898 1695 fovebat,
2092 1621 2215 1680 445

280 1729 496 1806 Fortis,
528 1745 586 1791 et
615 1729 838 1802 infelix,
870 1743 930 1790 et
958 1732 1271 1810 plusquam
1302 1729 1565 1801 foemina,
1595 1728 1757 1806 virgo

278 1834 535 1897 Ducitur
568 1834 643 1893 ad
673 1831 985 1904 tumulum,
1011 1830 1254 1910 diroque
1283 1830 1350 1889 fit
1375 1829 1567 1889 hostia
1595 1829 1787 1890 busto.

274 1938 435 2011 Quae
468 1957 697 1997 memor
722 1936 853 2017 ipsa
883 1934 991 2007 sui,
1020 1945 1334 2015 postquam
1364 1932 1699 1994 crudelibus
1730 1932 1842 1994 aris

278 2043 541 2106 Admota
573 2054 697 2118 est3
743 2038 1039 2121 sensitque
1072 2037 1176 2099 sibi
1208 2036 1336 2098 fera
1365 2057 1545 2098 sacra
1563 2036 1753 2120 parari
1778 2058 1797 2115 3

277 2145 477 2228 thue
510 2145 975 2227 Neoptolemum
1005 2157 1273 2218 stantem,
1307 2142 1645 2225 ferrumque
1674 2155 1993 2219 tenentem,
2096 2144 2223 2203 450

275 2249 462 2333 Inque
495 2272 601 2312 suo
630 2250 772 2311 vidit
801 2250 1078 2331 figentem
1108 2249 1329 2310 lumina
1356 2249 1556 2325 vultu3
2206 2241 2217 2250 ⁴

279 2360 295 2391 ‘
319 2353 506 2417 Utere
527 2354 880 2437 jamdudum
912 2374 1198 2435 generoso
1229 2352 1549 2433 sanguine,’
1580 2350 1726 2413 dixit
1752 2374 1767 2411 ε

277 2464 294 2495 ‘
314 2458 496 2520 Nulla
526 2479 685 2519 mora
719 2472 827 2519 est.
919 2458 1002 2518 At
1028 2472 1091 2518 tu
1112 2457 1341 2539 jugulo,
1371 2457 1467 2516 vel
1495 2470 1755 2537 pectore,
1786 2456 1967 2516 telum

277 2560 493 2623 Conde
524 2583 662 2623 meo
690 2583 705 2620 t
730 2561 746 2590 ’
782 2561 1172 2643 jugulumque
1203 2560 1376 2620 simul
1403 2572 1728 2640 pectusque
1758 2558 1990 2619 retexit.

282 2665 556 2727 ‘Scilicet
587 2679 685 2726 aut
714 2664 814 2725 ulli
845 2663 1065 2724 servire
1098 2662 1412 2745 Polyxena
1443 2660 1682 2737 serrem,
2095 2664 2220 2721 455

280 2771 402 2832 Aut
431 2792 537 2852 per
566 2770 683 2831 tale
717 2789 951 2830 sacrum
981 2787 1200 2834 numen
1232 2766 1557 2850 placabitur
1585 2767 1790 2828 ullum.

274 2873 443 2936 Mors
471 2876 693 2935 tantum
723 2873 936 2934 vellem
965 2887 1214 2935 matrem
1245 2893 1382 2934 mea
1411 2870 1610 2934 fallere
1640 2885 1858 2955 posset.

276 2977 473 3040 Mater
500 2979 706 3056 obest3
749 2978 1069 3061 minuitque
1099 2978 1262 3040 necis
1290 2978 1432 3039 mihi
1462 2978 1676 3061 gaudia
1702 3000 1717 3038 ε
1764 2978 2028 3060 quamvis

279 3084 418 3145 Non
448 3104 585 3145 mea
612 3105 771 3145 mors
798 3083 895 3159 illi,
926 3084 1132 3145 verum
1163 3105 1268 3145 sua
1298 3084 1413 3145 vita
1444 3084 1738 3165 gemenda
1768 3095 1876 3144 est.

273 3186 400 3251 Vos
428 3187 629 3263 mode),
660 3210 734 3249 ne
762 3188 997 3271 Stygios
1028 3189 1241 3250 adeam
1274 3208 1390 3249 non
1419 3187 1604 3248 libera
1631 3205 1855 3261 manea,
2092 3190 2217 3249 460

169 3341 178 3346 -
281 3291 429 3355 Este
460 3293 666 3374 procul
690 3316 709 3371 ;
753 3294 798 3355 si
818 3293 976 3377 justa
996 3307 1134 3375 peto
1162 3315 1176 3353 ε
1222 3306 1499 3373 tactuque
1530 3291 1719 3353 viriles

278 3394 560 3479 Virgineo
588 3412 887 3460 removete
917 3420 1124 3460 manus
1152 3421 1167 3458 ε
1213 3396 1508 3478 acceptior
1537 3396 1635 3471 illi,

278 3498 564 3584 Quisquis
592 3502 641 3563 is
671 3515 777 3576 est,
809 3523 986 3585 quem
1016 3502 1180 3564 caede
1211 3501 1350 3561 mea
1375 3500 1612 3582 placare
1642 3501 1875 3583 paratiS,

283 3604 467 3668 Liber
498 3606 606 3668 erit
636 3607 888 3688 sanguis.
983 3607 1049 3670 Si
1080 3629 1226 3689 quos
1248 3606 1675 3668 tamen-ultima
1698 3608 1876 3669 nostri

278 3708 436 3775 Vota
463 3724 704 3775 movent
731 3711 885 3788 oris3
929 3711 1151 3774 Priami
1181 3732 1286 3774 vos
1315 3710 1431 3773 filia
1461 3710 1633 3792 regiS‚
2090 3709 2214 3766 465
