2622 4207
440 313 557 373 132
1013 298 1075 359 M
1077 301 1765 359 ETAMORPHOSEON

433 462 739 546 Factaque
770 462 1065 525 Threiciis
1094 462 1346 543 ingentia
1381 461 1623 522 vulnera
1652 460 1799 522 telis.
2264 466 2384 525 530

426 568 703 630 Troades
735 570 1067 629 exclamant
1093 590 1106 626 :
1151 567 1440 628 obmutuit
1467 567 1564 628 illa
1594 566 1796 628 dolore
1823 588 1841 643 3
2243 566 2251 575 ’

426 672 508 733 Et
537 674 748 755 pariter
777 693 1007 745 vocem,
1039 671 1456 755 lacrymasque
1480 672 1761 733 introrsus
1790 671 2029 733 obortas

424 777 688 838 Devorat
721 777 840 859 ipse
875 777 1038 838 dolor
1073 798 1087 835 t
1134 777 1401 860 duroque
1434 776 1721 838 simillima
1752 797 1898 837 saxo

421 880 650 964 Torpet
676 905 691 941 ε
737 896 796 944 et
827 881 1076 944 adversa
1104 882 1226 963 figit
1256 881 1442 943 modo
1470 882 1689 943 lumina
1717 880 1873 942 terra
1898 904 1917 959 3

417 987 720 1049 Interdum
749 1002 945 1049 torvos
975 987 1218 1049 sustollit
1247 987 1322 1048 ad
1356 987 1572 1048 aethera
1602 988 1790 1048 vultus
1817 1008 1832 1046 ε
2248 994 2368 1053 535

419 1093 599 1155 Nunc
629 1093 797 1175 positi
831 1107 1058 1175 spectat
1086 1092 1331 1167 vultum,
1360 1114 1517 1153 nunc
1547 1092 1808 1166 vulnera,
1840 1092 1976 1166 nati,

413 1197 680 1260 Vulnera
709 1199 1003 1280 praecipue
1029 1221 1043 1258 :
1090 1219 1272 1279 seque
1297 1200 1492 1259 'armat
1521 1211 1580 1259 et
1612 1197 1835 1258 instruit
1862 1195 1966 1257 ira.
2056 1242 2061 1245 -

412 1304 556 1378 Qua
585 1304 754 1365 simul
784 1305 1019 1376 exarsit,
1050 1315 1328 1384 tanquam
1357 1303 1559 1383 regina
1590 1314 1874 1376 maneret,

409 1409 630 1471 Ulcisci
662 1409 853 1470 statuit
879 1432 896 1485 3
940 1428 1248 1489 poenaeque
1281 1407 1338 1466 in
1369 1407 1619 1488 imagine
1649 1420 1770 1468 tota
1801 1422 1908 1469 est.

403 1512 603 1595 thue
636 1512 769 1575 furit
798 1514 993 1575 catulo
1024 1513 1275 1573 lactente
1306 1512 1512 1573 orbata
1534 1512 1741 1587 leaena,
2233 1519 2358 1576 540

405 1618 704 1702 Signaque
733 1633 907 1680 nacta
937 1619 1178 1701 pedum,
1211 1618 1493 1700 sequitur,
1526 1640 1705 1701 quem
1727 1640 1844 1680 non
1875 1618 2054 1694 videt,
2085 1618 2357 1682 hostem:

405 1725 507 1787 Sic
538 1723 817 1800 Hecube,
849 1739 1157 1808 postquam
1182 1745 1321 1784 cum
1352 1724 1512 1785 luctu
1542 1724 1773 1785 miscuit
1800 1724 1966 1799 iram,

403 1831 464 1892 N
466 1854 542 1893 on
573 1832 750 1894 oblita
780 1832 1126 1905 animorum,
1158 1852 1443 1893 annorum
1473 1830 1647 1892 oblita
1680 1832 1937 1904 suorum,

394 1935 575 1998 Vadit
605 1937 677 1997 ad
705 1937 988 1998 artificem
1020 1937 1155 1996 dirae
1189 1935 1600 2018 Polymestora
1629 1935 1807 1997 caedis
1842 1957 1857 1995 ε

393 2040 890 2125 Colloquiumque
922 2041 1064 2123 petit
1092 2062 1106 2099 z
1151 2062 1288 2100 nam
1321 2063 1383 2100 se
1414 2026 1737 2101 monstrare
1767 2041 2037 2103 relictum
2217 2046 2344 2103 545

389 2144 562 2206 Velle
585 2145 771 2205 latens
800 2144 897 2219 illi,
931 2145 1087 2224 quod
1111 2157 1248 2204 nato
1278 2144 1575 2218 redderet,
1608 2165 1836 2204 aurum.

386 2248 659 2311 Credidit
689 2247 1016 2329 Odrysius:
1060 2247 1392 2328 praedaeque
1424 2249 1701 2311 adsuetus
1725 2271 1926 2311 amore

382 2353 450 2414 In
483 2367 712 2414 secreta
738 2352 896 2414 venit
921 2374 936 2413 z
983 2373 1122 2412 cum
1151 2352 1368 2422 blando
1398 2353 1642 2415 callidus
1670 2375 1795 2429 ore,
1826 2408 1834 2415 .

383 2467 401 2495 ‘
420 2458 595 2521 Tolle
625 2480 839 2534 moras,
877 2455 1173 2534 Hecube‚’
1207 2458 1351 2520 dixit
1380 2481 1394 2519 ε
1443 2466 1458 2494 ‘
1485 2459 1563 2520 da
1591 2481 1837 2521 munera
1865 2473 2023 2522 nato·

377 2567 576 2628 Omne
607 2564 730 2628 fore
762 2565 911 2628 illius
934 2565 1091 2650 quod
1124 2566 1247 2641 daS‚
1281 2567 1437 2648 quod
1470 2580 1530 2628 et
1559 2566 1690 2629 ante
1724 2566 1953 2645 dedisti,
2205 2575 2323 2631 550

284 2735 296 2741 ,
378 2673 506 2738 Per¹
531 2695 772 2754 superos
792 2672 970 2756 juro.'
1063 2671 1307 2756 Spectat
1336 2673 1661 2734 truculenta
1685 2675 2046 2755 loquentem,

378 2779 672 2860 Falsaque
703 2779 1001 2859 jurantem
1028 2799 1043 2835 t
1089 2761 1431 2858 tumidaque
1453 2774 1749 2839 'exaestuat
1778 2778 1906 2857 ἰνὲς

370 2884 568 2964 Atque
598 2882 675 2943 ita
705 2895 1040 2960 correptum
1069 2881 1431 2960 captivarum
1462 2882 1692 2962 agmine
1722 2898 1975 2946 matrum

365 2987 607 3059 Involat‚
641 2999 698 3045 et
728 2983 936 3064 digitos
958 2983 1015 3043 in
1045 2984 1273 3065 perfida
1303 2985 1525 3047 lumina
1554 2988 1771 3063 condit,

364 3090 789 3173 Exspoliatque
822 3111 1001 3171 genas
1031 3089 1234 3164 oculiS,
1271 3087 1437 3173 (facit
1465 3092 1549 3154 ira
1581 3094 1902 3178 valentem)
2188 3102 2321 3159 555.

358 3196 774 3278 Immergitque
799 3217 1007 3257 manus
1034 3218 1050 3255 t
1095 3193 1435 3280 foedataque
1468 3201 1746 3281 sanguine
1778 3202 1924 3263 sonti

362 3301 500 3364 Non
532 3303 749 3377 lumen,
781 3323 975 3385 neque
1008 3300 1164 3364 enim
1198 3318 1484 3384 superest,
1516 3304 1647 3366 loca
1674 3305 1904 3368 luminis
1933 3308 2143 3370 haurit.

444 3406 638 3469 Clade
670 3408 756 3469 sui
787 3407 1096 3469 Thracum
1128 3429 1271 3491 gens
1301 3408 1517 3470 irritata
1543 3411 1770 3491 tyranni

348 3511 593 3577 Troada
623 3514 869 3575 telorum
900 3514 1279 3597 lapidumque
1311 3513 1609 3576 incessere
1636 3516 1799 3600 jactu

345 3618 568 3702 Coepit.
659 3618 742 3678 At
769 3617 894 3678 haec
918 3618 1158 3681 missum
1189 3639 1369 3680 rauco
1392 3640 1529 3680 cum
1559 3642 1859 3683 murmure
1890 3646 2100 3687 saxum
2177 3631 2301 3689 560

343 3724 637 3825 Morsibus
668 3722 1025 3804 insequitur:
1070 3724 1334 3806 rictuque
1366 3725 1424 3786 in
1453 3728 1631 3788 verba
1661 3741 1862 3810 parato
