2622 4207
364 315 394 371 1
409 313 485 372 18
981 295 1743 358 METAMORPHOSEON

362 463 660 541 Sustinui3
705 475 1040 543 sortemque
1068 479 1267 521 meam
1296 455 1550 531 vovistis,
1581 453 1793 516 Achivi
1819 474 1836 512 ε

317 572 320 581 ’
364 568 449 631 Et
476 584 680 632 vcstrae
705 566 943 630 valuere
971 585 1202 650 preces·
1296 561 1363 624 Si
1395 560 1648 645 quaeritis
1675 558 1850 643 hujus

362 672 687 737 Fortunam
717 694 925 756 pugnae
950 694 969 750 3
1012 692 1129 733 non
1159 691 1291 732 sum
1328 680 1635 752 superatus
1665 666 1740 727 ab
1773 663 1891 726 illo.
2241 663 2329 722 90

443 772 612 841 Ecce
636 782 828 843 serunt
855 775 1054 840 Troes
1086 774 1447 858 ferrumque,
1478 773 1820 856 ignemque,
1849 767 2189 850 Jovemque

360 885 429 948 In
461 885 705 946 Danaas
734 884 953 946 classes
980 905 996 944 t
1040 882 1140 944 ubi
1157 903 1318 943 nunc
1357 878 1647 943 facundus
1675 875 1927 960 Ulysses
1951 873 1978 936 ἓ

361 991 603 1074 Nempe
626 988 749 1072 ‘ego
779 989 939 1051 mille
970 1010 1108 1050 meo
1136 986 1368 1070 protexi
1399 997 1643 1068 pectore
1675 1003 1924 1066 puppes,

365 1095 553 1179 Spem
580 1095 755 1158 vestri
786 1093 1029 1156 reditfis.
1122 1092 1282 1156 Date
1313 1105 1399 1154 tot
1426 1112 1534 1175 pro
1562 1088 1808 1151 navibus
1839 1107 2023 1148 arma.

450 1200 637 1274 Quod
662 1201 709 1264 si
739 1222 882 1263 vera
909 1201 1048 1262 licet
1075 1199 1216 1260 mihi
1248 1198 1448 1259 dicere
1471 1218 1489 1275 ;
1535 1194 1807 1277 quaeritur
1836 1191 1974 1267 istis,
2244 1191 2330 1251 95

364 1305 570 1380 Quam
598 1306 761 1381 mihi,
795 1305 985 1389 major
1014 1296 1203 1366 lionos
1228 1325 1241 1363 τ
1272 1301 1706 1385 conjunctaque
1737 1297 1923 1382 gloria
1950 1308 2155 1358 nostra
2185 1307 2298 1372 est,

365 1412 563 1492 Atque
596 1410 753 1493 Ajax
787 1409 984 1484 armiS,
1016 1429 1132 1468 non
1164 1406 1338 1490 Ajaci
1371 1427 1534 1468 arma
1564 1418 1866 1488 petuntur.

445 1513 735 1578 Conferat
761 1514 852 1576 his
881 1512 1119 1575 Ithacus
1159 1511 1457 1587 Rhesum,
1488 1510 1908 1593 imbellemque
1938 1506 2198 1584 Dolona,

360 1618 824 1702 Priamidenque
857 1616 1161 1681 Helenum
1193 1616 1367 1700 rapta
1393 1638 1534 1679 cum
1564 1614 1816 1703 Pallade
1847 1626 2112 1698 captum.

365 1723 538 1788 Luce
569 1725 709 1788 nihil
732 1740 983 1809 gestum,
1014 1724 1155 1787 nihil
1185 1736 1273 1786 est
1304 1723 1609 1787 Diomede
1632 1734 1861 1784 remoto
1888 1742 1904 1781 ε
2214 1720 2332 1784 100

370 1829 436 1893 Si
466 1832 654 1894 semel
682 1832 791 1895 ista
822 1832 971 1894 datis
1010 1831 1232 1894 meritis
1260 1845 1382 1894 tam
1411 1830 1619 1893 vilibus
1650 1850 1816 1892 arma
1839 1842 1877 1906 ;‘

368 1935 630 1999 Dividite
659 1959 675 1997 ε
719 1951 779 1998 et
800 1936 987 2019 major
1017 1958 1158 2018 pars
1191 1937 1263 1999 sit
1292 1935 1610 1998 Diomedis
1639 1935 1700 1997 in
1730 1934 1859 1996 illis.

455 2040 602 2115 Quo
631 2055 830 2102 tamen
859 2043 986 2101 haec
1016 2038 1269 2101 Ithaco?
1315 2040 1414 2123 qui
1445 2040 1619 2114 clam,
1651 2038 1750 2122 qui
1782 2059 2024 2121 semper
2063 2036 2301 2100 inermis

367 2145 532 2210 Rem
562 2145 709 2227 gerit
734 2167 751 2205 t
795 2158 856 2206 et
885 2142 1047 2205 furtis
1074 2143 1378 2205 incautum
1408 2142 1632 2226 decipit
1659 2140 1944 2204 hostem?

364 2249 501 2332 Ipse
525 2250 675 2310 nitor
704 2248 907 2330 galeae,
938 2246 1099 2307 claro
1134 2246 1412 2308 radiantis
1442 2247 1516 2309 ab
1547 2268 1710 2323 aum,
2220 2249 2332 2309 105

362 2351 609 2417 Insidias
639 2351 870 2435 prodet,
900 2349 1413 2434 manifestabitque
1453 2351 1756 2415 latentem.
1822 2374 1827 2380 ’

367 2458 493 2522 Sed
523 2479 719 2543 neque
749 2457 1066 2520 Dulichius
1095 2458 1203 2520 sub
1236 2457 1485 2522 Achillis
1516 2458 1748 2521 casside
1781 2469 1991 2519 vertex

368 2564 650 2629 Pondera
672 2579 833 2628 tanta
862 2563 1014 2627 feret
1039 2585 1056 2625 ε
1098 2587 1214 2627 nec
1242 2585 1361 2627 uon
1392 2586 1645 2627 onerosa
1673 2562 1986 2647 gravisque

369 2669 573 2735 Pelias
603 2694 735 2734 esse
760 2685 951 2754 potest
979 2670 1313 2732 imbellibus
1341 2670 1510 2731 hasta
1537 2669 1774 2732 lacertis
1801 2690 1817 2729 t

374 2777 514 2840 Nec
543 2778 811 2859 clypeuS‚
838 2775 985 2836 vasti
1015 2768 1255 2835 caelatus
1284 2773 1542 2853 imagine
1573 2773 1798 2847 mundi,
2218 2776 2335 2842 110

373 2879 708 2943 Conveniet
734 2876 971 2952 timidae,
1002 2889 1274 2957 nataeque
1307 2876 1384 2936 ad
1415 2874 1568 2938 furta
1598 2876 1860 2939 sinistrae.

372 2983 829 3048 Debilitaturum
861 2980 1000 3063 quid
1029 2993 1089 3041 te
1128 2979 1299 3062 petis,
1331 2980 1620 3064 improbe,
1652 3004 1869 3045 munus
1897 2981 1924 3044 ?

373 3088 557 3162 Quod
588 3087 690 3149 tibi
722 3087 768 3149 si
798 3085 997 3169 populi
1030 3085 1334 3148 donaverit
1367 3108 1528 3150 error
1558 3074 1795 3164 Achivi,

340 3257 348 3263 ,
372 3193 503 3257 Cur
531 3192 814 3275 spolieris,
846 3192 992 3272 erit3
1035 3213 1173 3268 non,
1204 3214 1313 3253 cur
1341 3192 1624 3256 metuaris
1654 3194 1727 3254 ab
1757 3193 1949 3257 hoste.

370 3297 455 3360 Et
482 3296 621 3381 fuga
654 3296 800 3382 (qua
830 3298 954 3362 'sola
982 3312 1247 3372 cunctoS,
1277 3296 1667 3373 timidissime,
1696 3297 1911 3383 vincis)
2217 3303 2334 3362 115

373 3403 582 3467 Tarda
611 3402 803 3466 futura
831 3404 931 3466 tibi
962 3418 1071 3480 est,
1103 3404 1429 3487 gestamina
1459 3418 1621 3466 tanta
1648 3404 1920 3466 trahenti.

375 3509 577 3586 Adde,
612 3508 768 3592 quod
799 3508 907 3571 iste
936 3522 1091 3585 tuuS,
1121 3524 1244 3572 tam
1272 3508 1409 3572 raro
1435 3508 1646 3593 proelia
1681 3530 1909 3592 passus,

377 3614 615 3702 Integer
645 3627 735 3679 est
762 3613 1008 3698 clypeus
1035 3635 1050 3675 ε
1093 3628 1313 3691 nostr0,
1346 3615 1443 3703 qui
1474 3614 1591 3677 tela
1620 3612 1866 3680 serendo
