<?xml version="1.0" encoding="UTF-8"?>
<!DOCTYPE html PUBLIC "-//W3C//DTD XHTML 1.0 Transitional//EN"
    "http://www.w3.org/TR/xhtml1/DTD/xhtml1-transitional.dtd">
<html xmlns="http://www.w3.org/1999/xhtml" xml:lang="en" lang="en">
 <head>
  <title>
</title>
<meta http-equiv="Content-Type" content="text/html;charset=utf-8" />
  <meta name='ocr-system' content='tesseract 3.04.00' />
  <meta name='ocr-capabilities' content='ocr_page ocr_carea ocr_par ocr_line ocrx_word'/>
</head>
<body>
  <div class='ocr_page' id='page_1' title='image "./excerptaexscrip02goulgoog_0149.png"; bbox 0 0 2622 4207; ppageno 0'>
   <div class='ocr_carea' id='block_1_1' title="bbox 1080 297 2254 360">
    <p class='ocr_par' dir='ltr' id='par_1_1' title="bbox 1080 297 2254 360">
     <span class='ocr_line' id='line_1_1' title="bbox 1080 297 2254 360; baseline -0.007 1"><span class='ocrx_word' id='word_1_1' title='bbox 1080 301 1314 360; x_wconf 84' lang='lat' dir='ltr'><strong>LIBER</strong></span> <span class='ocrx_word' id='word_1_2' title='bbox 1351 300 1501 358; x_wconf 87' lang='lat' dir='ltr'><strong>XIV.</strong></span> <span class='ocrx_word' id='word_1_3' title='bbox 2135 297 2254 354; x_wconf 82' lang='lat'>135</span> 
     </span>
    </p>
   </div>
   <div class='ocr_carea' id='block_1_2' title="bbox 1056 560 1550 629">
    <p class='ocr_par' dir='ltr' id='par_1_2' title="bbox 1056 560 1550 629">
     <span class='ocr_line' id='line_1_2' title="bbox 1056 560 1550 629; baseline -0.012 -1"><span class='ocrx_word' id='word_1_4' title='bbox 1056 564 1332 629; x_wconf 88' lang='lat' dir='ltr'>LIBER</span> <span class='ocrx_word' id='word_1_5' title='bbox 1376 560 1550 626; x_wconf 91' lang='lat' dir='ltr'><strong>XIV.</strong></span> 
     </span>
    </p>
   </div>
   <div class='ocr_carea' id='block_1_3' title="bbox 812 811 1747 859">
    <p class='ocr_par' dir='ltr' id='par_1_3' title="bbox 812 811 1747 859">
     <span class='ocr_line' id='line_1_3' title="bbox 812 811 1747 859; baseline -0.011 0"><span class='ocrx_word' id='word_1_6' title='bbox 812 817 1028 859; x_wconf 73' lang='lat' dir='ltr'>AENEAS</span> <span class='ocrx_word' id='word_1_7' title='bbox 1076 816 1161 857; x_wconf 74' lang='lat' dir='ltr'>ET</span> <span class='ocrx_word' id='word_1_8' title='bbox 1206 815 1412 856; x_wconf 71' lang='lat' dir='ltr'>REGES</span> <span class='ocrx_word' id='word_1_9' title='bbox 1482 811 1747 853; x_wconf 74' lang='lat' dir='ltr'>ALBANI..</span> 
     </span>
    </p>
   </div>
   <div class='ocr_carea' id='block_1_4' title="bbox 1163 969 1406 1025">
    <p class='ocr_par' dir='ltr' id='par_1_4' title="bbox 1163 969 1406 1025">
     <span class='ocr_line' id='line_1_4' title="bbox 1163 969 1406 1025; baseline -0.008 0"><span class='ocrx_word' id='word_1_10' title='bbox 1163 987 1222 1025; x_wconf 89' lang='lat' dir='ltr'>v.</span> <span class='ocrx_word' id='word_1_11' title='bbox 1255 969 1406 1025; x_wconf 84' lang='lat'>445.</span> 
     </span>
    </p>
   </div>
   <div class='ocr_carea' id='block_1_5' title="bbox 292 1086 2268 3784">
    <p class='ocr_par' dir='ltr' id='par_1_5' title="bbox 299 1086 1722 1172">
     <span class='ocr_line' id='line_1_5' title="bbox 299 1086 1722 1172; baseline -0.008 -13"><span class='ocrx_word' id='word_1_12' title='bbox 299 1096 551 1159; x_wconf 83' lang='lat' dir='ltr'>Solvitur</span> <span class='ocrx_word' id='word_1_13' title='bbox 579 1094 836 1156; x_wconf 83' lang='lat' dir='ltr'>herboso</span> <span class='ocrx_word' id='word_1_14' title='bbox 865 1093 1143 1172; x_wconf 77' lang='lat' dir='ltr'>religatus</span> <span class='ocrx_word' id='word_1_15' title='bbox 1176 1091 1248 1150; x_wconf 90' lang='lat' dir='ltr'>ab</span> <span class='ocrx_word' id='word_1_16' title='bbox 1282 1109 1499 1170; x_wconf 80' lang='lat' dir='ltr'>aggere</span> <span class='ocrx_word' id='word_1_17' title='bbox 1531 1086 1682 1148; x_wconf 86' lang='lat' dir='ltr'>funis</span> <span class='ocrx_word' id='word_1_18' title='bbox 1708 1111 1722 1146; x_wconf 73' lang='grc' dir='ltr'>ε</span> 
     </span>
    </p>

    <p class='ocr_par' dir='ltr' id='par_1_6' title="bbox 300 1190 1712 1284">
     <span class='ocr_line' id='line_1_6' title="bbox 300 1190 1712 1284; baseline -0.008 -21"><span class='ocrx_word' id='word_1_19' title='bbox 300 1200 383 1262; x_wconf 89' lang='lat' dir='ltr'>Et</span> <span class='ocrx_word' id='word_1_20' title='bbox 411 1200 618 1284; x_wconf 89' lang='lat' dir='ltr'>procul</span> <span class='ocrx_word' id='word_1_21' title='bbox 647 1197 905 1270; x_wconf 55' lang='lat' dir='ltr'>insidiae„</span> <span class='ocrx_word' id='word_1_22' title='bbox 937 1192 1348 1275; x_wconf 63' lang='lat' dir='ltr'>infamataeque</span> <span class='ocrx_word' id='word_1_23' title='bbox 1380 1190 1712 1274; x_wconf 88' lang='lat' dir='ltr'>relinquunt</span> 
     </span>
    </p>

    <p class='ocr_par' dir='ltr' id='par_1_7' title="bbox 297 1295 1887 1383">
     <span class='ocr_line' id='line_1_7' title="bbox 297 1295 1887 1383; baseline -0.006 -17"><span class='ocrx_word' id='word_1_24' title='bbox 297 1304 501 1366; x_wconf 88' lang='lat' dir='ltr'>Tecta</span> <span class='ocrx_word' id='word_1_25' title='bbox 534 1304 683 1378; x_wconf 86' lang='lat' dir='ltr'>deae,</span> <span class='ocrx_word' id='word_1_26' title='bbox 714 1303 995 1383; x_wconf 87' lang='lat' dir='ltr'>lucosque</span> <span class='ocrx_word' id='word_1_27' title='bbox 1026 1310 1250 1381; x_wconf 90' lang='lat' dir='ltr'>petunt,</span> <span class='ocrx_word' id='word_1_28' title='bbox 1281 1297 1378 1359; x_wconf 90' lang='lat' dir='ltr'>ubi</span> <span class='ocrx_word' id='word_1_29' title='bbox 1416 1296 1647 1358; x_wconf 89' lang='lat' dir='ltr'>nubilus</span> <span class='ocrx_word' id='word_1_30' title='bbox 1676 1295 1887 1358; x_wconf 62' lang='lat' dir='ltr'>umbra</span> 
     </span>
    </p>

    <p class='ocr_par' dir='ltr' id='par_1_8' title="bbox 298 1402 1747 1488">
     <span class='ocr_line' id='line_1_8' title="bbox 298 1402 1747 1488; baseline -0.006 -18"><span class='ocrx_word' id='word_1_31' title='bbox 298 1409 367 1471; x_wconf 85' lang='lat' dir='ltr'>In</span> <span class='ocrx_word' id='word_1_32' title='bbox 398 1430 565 1470; x_wconf 90' lang='lat' dir='ltr'>mare</span> <span class='ocrx_word' id='word_1_33' title='bbox 598 1429 734 1469; x_wconf 93' lang='lat' dir='ltr'>cum</span> <span class='ocrx_word' id='word_1_34' title='bbox 766 1405 918 1468; x_wconf 71' lang='lat' dir='ltr'>flava</span> <span class='ocrx_word' id='word_1_35' title='bbox 944 1403 1271 1488; x_wconf 85' lang='lat' dir='ltr'>prorumpit</span> <span class='ocrx_word' id='word_1_36' title='bbox 1298 1403 1518 1486; x_wconf 90' lang='lat' dir='ltr'>Tybris</span> <span class='ocrx_word' id='word_1_37' title='bbox 1551 1402 1747 1464; x_wconf 67' lang='lat' dir='ltr'>arena.</span> 
     </span>
    </p>

    <p class='ocr_par' dir='ltr' id='par_1_9' title="bbox 300 1507 2261 1596">
     <span class='ocr_line' id='line_1_9' title="bbox 300 1507 2261 1596; baseline -0.006 -20"><span class='ocrx_word' id='word_1_38' title='bbox 300 1512 781 1596; x_wconf 73' lang='lat' dir='ltr'>Faunigenaeque</span> <span class='ocrx_word' id='word_1_39' title='bbox 814 1513 992 1574; x_wconf 90' lang='lat' dir='ltr'>domo</span> <span class='ocrx_word' id='word_1_40' title='bbox 1022 1510 1236 1593; x_wconf 89' lang='lat' dir='ltr'>potitur</span> <span class='ocrx_word' id='word_1_41' title='bbox 1264 1508 1520 1592; x_wconf 69' lang='lat' dir='ltr'>nataque</span> <span class='ocrx_word' id='word_1_42' title='bbox 1553 1507 1748 1570; x_wconf 91' lang='lat' dir='ltr'>Latini</span> <span class='ocrx_word' id='word_1_43' title='bbox 1772 1530 1791 1585; x_wconf 82' lang='lat'><em>3</em></span> <span class='ocrx_word' id='word_1_44' title='bbox 2226 1509 2261 1564; x_wconf 75' lang='lat'>5</span> 
     </span>
    </p>

    <p class='ocr_par' dir='ltr' id='par_1_10' title="bbox 298 1610 2006 1694">
     <span class='ocr_line' id='line_1_10' title="bbox 298 1610 2006 1694; baseline -0.005 -13"><span class='ocrx_word' id='word_1_45' title='bbox 298 1619 438 1681; x_wconf 92' lang='lat' dir='ltr'>Non</span> <span class='ocrx_word' id='word_1_46' title='bbox 469 1620 598 1680; x_wconf 85' lang='lat' dir='ltr'>sine</span> <span class='ocrx_word' id='word_1_47' title='bbox 630 1617 823 1680; x_wconf 89' lang='lat' dir='ltr'>Marte</span> <span class='ocrx_word' id='word_1_48' title='bbox 853 1632 1074 1678; x_wconf 88' lang='lat' dir='ltr'>tamen.</span> <span class='ocrx_word' id='word_1_49' title='bbox 1164 1614 1407 1676; x_wconf 90' lang='lat' dir='ltr'>Bellum</span> <span class='ocrx_word' id='word_1_50' title='bbox 1438 1634 1579 1674; x_wconf 91' lang='lat' dir='ltr'>cum</span> <span class='ocrx_word' id='word_1_51' title='bbox 1619 1625 1792 1694; x_wconf 84' lang='lat' dir='ltr'>gente</span> <span class='ocrx_word' id='word_1_52' title='bbox 1824 1610 2006 1673; x_wconf 86' lang='lat' dir='ltr'>feroci</span> 
     </span>
    </p>

    <p class='ocr_par' dir='ltr' id='par_1_11' title="bbox 298 1715 1917 1905">
     <span class='ocr_line' id='line_1_11' title="bbox 298 1715 1917 1805; baseline -0.007 -19"><span class='ocrx_word' id='word_1_53' title='bbox 298 1723 626 1805; x_wconf 83' lang='lat' dir='ltr'>Suscipitur</span> <span class='ocrx_word' id='word_1_54' title='bbox 651 1745 669 1800; x_wconf 84' lang='lat'><em>3</em></span> <span class='ocrx_word' id='word_1_55' title='bbox 714 1722 1006 1804; x_wconf 67' lang='lat' dir='ltr'>pactaque</span> <span class='ocrx_word' id='word_1_56' title='bbox 1066 1719 1204 1781; x_wconf 84' lang='lat' dir='ltr'>furit</span> <span class='ocrx_word' id='word_1_57' title='bbox 1232 1741 1340 1801; x_wconf 91' lang='lat' dir='ltr'>pro</span> <span class='ocrx_word' id='word_1_58' title='bbox 1371 1716 1624 1800; x_wconf 78' lang='lat' dir='ltr'>conjuge</span> <span class='ocrx_word' id='word_1_59' title='bbox 1653 1715 1917 1778; x_wconf 77' lang='lat' dir='ltr'>Turnus·</span> 
     </span>
     <span class='ocr_line' id='line_1_12' title="bbox 385 1820 1752 1905; baseline -0.007 -15"><span class='ocrx_word' id='word_1_60' title='bbox 385 1827 706 1890; x_wconf 84' lang='lat' dir='ltr'>Concurrit</span> <span class='ocrx_word' id='word_1_61' title='bbox 735 1825 911 1886; x_wconf 92' lang='lat' dir='ltr'>Latio</span> <span class='ocrx_word' id='word_1_62' title='bbox 939 1823 1283 1905; x_wconf 82' lang='lat' dir='ltr'>Tyrrhenia</span> <span class='ocrx_word' id='word_1_63' title='bbox 1316 1836 1440 1883; x_wconf 89' lang='lat' dir='ltr'>tota</span> <span class='ocrx_word' id='word_1_64' title='bbox 1465 1844 1481 1880; x_wconf 70' lang='grc' dir='ltr'><strong>ε</strong></span> <span class='ocrx_word' id='word_1_65' title='bbox 1529 1820 1752 1901; x_wconf 87' lang='lat' dir='ltr'>diuque</span> 
     </span>
    </p>

    <p class='ocr_par' dir='ltr' id='par_1_12' title="bbox 292 1925 1603 2009">
     <span class='ocr_line' id='line_1_13' title="bbox 292 1925 1603 2009; baseline -0.006 -16"><span class='ocrx_word' id='word_1_66' title='bbox 292 1931 508 1994; x_wconf 86' lang='lat' dir='ltr'>Ardua</span> <span class='ocrx_word' id='word_1_67' title='bbox 530 1928 800 1991; x_wconf 86' lang='lat' dir='ltr'>sollicitis</span> <span class='ocrx_word' id='word_1_68' title='bbox 829 1927 1073 1989; x_wconf 89' lang='lat' dir='ltr'>victoria</span> <span class='ocrx_word' id='word_1_69' title='bbox 1104 1925 1376 2009; x_wconf 87' lang='lat' dir='ltr'>quaeritur</span> <span class='ocrx_word' id='word_1_70' title='bbox 1408 1925 1603 1987; x_wconf 89' lang='lat' dir='ltr'>armis.</span> 
     </span>
    </p>

    <p class='ocr_par' dir='ltr' id='par_1_13' title="bbox 297 2031 2268 2118">
     <span class='ocr_line' id='line_1_14' title="bbox 297 2031 2268 2118; baseline -0.003 -20"><span class='ocrx_word' id='word_1_71' title='bbox 297 2039 500 2118; x_wconf 84' lang='lat' dir='ltr'>Auget</span> <span class='ocrx_word' id='word_1_72' title='bbox 529 2047 784 2117; x_wconf 90' lang='lat' dir='ltr'>uterque</span> <span class='ocrx_word' id='word_1_73' title='bbox 818 2054 953 2094; x_wconf 85' lang='lat' dir='ltr'>suas</span> <span class='ocrx_word' id='word_1_74' title='bbox 988 2046 1235 2094; x_wconf 87' lang='lat' dir='ltr'>externo</span> <span class='ocrx_word' id='word_1_75' title='bbox 1265 2031 1475 2093; x_wconf 83' lang='lat' dir='ltr'>robore</span> <span class='ocrx_word' id='word_1_76' title='bbox 1519 2031 1670 2094; x_wconf 84' lang='lat' dir='ltr'>vires</span> <span class='ocrx_word' id='word_1_77' title='bbox 1692 2054 1712 2092; x_wconf 69' lang='grc' dir='ltr'><strong><em>ε</em></strong></span> <span class='ocrx_word' id='word_1_78' title='bbox 2191 2035 2268 2093; x_wconf 93' lang='grc'>10</span> 
     </span>
    </p>

    <p class='ocr_par' dir='ltr' id='par_1_14' title="bbox 298 2135 1637 2221">
     <span class='ocr_line' id='line_1_15' title="bbox 298 2135 1637 2221; baseline -0.002 -18"><span class='ocrx_word' id='word_1_79' title='bbox 298 2141 382 2203; x_wconf 87' lang='lat' dir='ltr'>Et</span> <span class='ocrx_word' id='word_1_80' title='bbox 402 2140 569 2201; x_wconf 88' lang='lat' dir='ltr'>multi</span> <span class='ocrx_word' id='word_1_81' title='bbox 600 2137 877 2214; x_wconf 85' lang='lat' dir='ltr'>Rutulos,</span> <span class='ocrx_word' id='word_1_82' title='bbox 907 2138 1073 2199; x_wconf 89' lang='lat' dir='ltr'>multi</span> <span class='ocrx_word' id='word_1_83' title='bbox 1102 2135 1369 2221; x_wconf 75' lang='lat' dir='ltr'>Trojana,</span> <span class='ocrx_word' id='word_1_84' title='bbox 1402 2151 1637 2200; x_wconf 88' lang='lat' dir='ltr'>tuentur</span> 
     </span>
    </p>

    <p class='ocr_par' dir='ltr' id='par_1_15' title="bbox 297 2241 2003 2325">
     <span class='ocr_line' id='line_1_16' title="bbox 297 2241 2003 2325; baseline 0 -17"><span class='ocrx_word' id='word_1_85' title='bbox 297 2244 533 2308; x_wconf 87' lang='lat' dir='ltr'>Castra.</span> <span class='ocrx_word' id='word_1_86' title='bbox 627 2242 850 2325; x_wconf 83' lang='lat' dir='ltr'>Neque</span> <span class='ocrx_word' id='word_1_87' title='bbox 878 2242 1109 2305; x_wconf 88' lang='lat' dir='ltr'>AEneas</span> <span class='ocrx_word' id='word_1_88' title='bbox 1140 2241 1405 2304; x_wconf 87' lang='lat' dir='ltr'>Evandri</span> <span class='ocrx_word' id='word_1_89' title='bbox 1440 2243 1514 2305; x_wconf 91' lang='lat' dir='ltr'>ad</span> <span class='ocrx_word' id='word_1_90' title='bbox 1545 2242 1745 2306; x_wconf 91' lang='lat' dir='ltr'>limina</span> <span class='ocrx_word' id='word_1_91' title='bbox 1779 2242 2003 2321; x_wconf 73' lang='lat' dir='ltr'>flustra,</span> 
     </span>
    </p>

    <p class='ocr_par' dir='ltr' id='par_1_16' title="bbox 296 2346 1934 2431">
     <span class='ocr_line' id='line_1_17' title="bbox 296 2346 1934 2431; baseline 0 -19"><span class='ocrx_word' id='word_1_92' title='bbox 296 2350 377 2412; x_wconf 87' lang='lat' dir='ltr'>At</span> <span class='ocrx_word' id='word_1_93' title='bbox 403 2347 672 2411; x_wconf 91' lang='lat' dir='ltr'>Venulus</span> <span class='ocrx_word' id='word_1_94' title='bbox 701 2369 980 2431; x_wconf 85' lang='lat' dir='ltr'>magnam</span> <span class='ocrx_word' id='word_1_95' title='bbox 1011 2346 1241 2429; x_wconf 82' lang='lat' dir='ltr'>profugi</span> <span class='ocrx_word' id='word_1_96' title='bbox 1270 2347 1586 2411; x_wconf 89' lang='lat' dir='ltr'>Diomedis</span> <span class='ocrx_word' id='word_1_97' title='bbox 1617 2350 1694 2411; x_wconf 91' lang='lat' dir='ltr'>ad</span> <span class='ocrx_word' id='word_1_98' title='bbox 1724 2350 1934 2411; x_wconf 87' lang='lat' dir='ltr'>urbem</span> 
     </span>
    </p>

    <p class='ocr_par' dir='ltr' id='par_1_17' title="bbox 296 2450 1978 2535">
     <span class='ocr_line' id='line_1_18' title="bbox 296 2450 1978 2535; baseline 0 -21"><span class='ocrx_word' id='word_1_99' title='bbox 296 2450 577 2518; x_wconf 87' lang='lat' dir='ltr'>Venerat.</span> <span class='ocrx_word' id='word_1_100' title='bbox 605 2519 610 2526; x_wconf 62' lang='grc'><strong>,</strong></span> <span class='ocrx_word' id='word_1_101' title='bbox 665 2453 771 2515; x_wconf 88' lang='lat' dir='ltr'>Ille</span> <span class='ocrx_word' id='word_1_102' title='bbox 803 2453 1044 2535; x_wconf 90' lang='lat' dir='ltr'>quidem</span> <span class='ocrx_word' id='word_1_103' title='bbox 1074 2454 1182 2513; x_wconf 84' lang='lat' dir='ltr'>sub</span> <span class='ocrx_word' id='word_1_104' title='bbox 1212 2451 1436 2535; x_wconf 67' lang='lat' dir='ltr'>Iapyge</span> <span class='ocrx_word' id='word_1_105' title='bbox 1466 2453 1730 2514; x_wconf 85' lang='lat' dir='ltr'>maxima</span> <span class='ocrx_word' id='word_1_106' title='bbox 1758 2451 1978 2515; x_wconf 87' lang='lat' dir='ltr'>Dauno</span> 
     </span>
    </p>

    <p class='ocr_par' dir='ltr' id='par_1_18' title="bbox 294 2554 2255 2635">
     <span class='ocr_line' id='line_1_19' title="bbox 294 2554 2255 2635; baseline -0.002 -17"><span class='ocrx_word' id='word_1_107' title='bbox 294 2556 520 2621; x_wconf 90' lang='lat' dir='ltr'>Moenia</span> <span class='ocrx_word' id='word_1_108' title='bbox 543 2557 911 2630; x_wconf 86' lang='lat' dir='ltr'>condiderat,</span> <span class='ocrx_word' id='word_1_109' title='bbox 944 2554 1278 2635; x_wconf 85' lang='lat' dir='ltr'>dotaliaque</span> <span class='ocrx_word' id='word_1_110' title='bbox 1313 2576 1453 2616; x_wconf 88' lang='lat' dir='ltr'>arva</span> <span class='ocrx_word' id='word_1_111' title='bbox 1480 2556 1737 2616; x_wconf 89' lang='lat' dir='ltr'>tenebat.</span> <span class='ocrx_word' id='word_1_112' title='bbox 2180 2561 2255 2616; x_wconf 82' lang='lat'>15</span> 
     </span>
    </p>

    <p class='ocr_par' dir='ltr' id='par_1_19' title="bbox 295 2658 1871 2741">
     <span class='ocr_line' id='line_1_20' title="bbox 295 2658 1871 2741; baseline -0.003 -17"><span class='ocrx_word' id='word_1_113' title='bbox 295 2661 422 2724; x_wconf 88' lang='lat' dir='ltr'>Sed</span> <span class='ocrx_word' id='word_1_114' title='bbox 450 2661 720 2724; x_wconf 86' lang='lat' dir='ltr'>Venulus</span> <span class='ocrx_word' id='word_1_115' title='bbox 749 2658 943 2721; x_wconf 89' lang='lat' dir='ltr'>Turni</span> <span class='ocrx_word' id='word_1_116' title='bbox 974 2671 1286 2740; x_wconf 85' lang='lat' dir='ltr'>postquam</span> <span class='ocrx_word' id='word_1_117' title='bbox 1317 2658 1597 2720; x_wconf 88' lang='lat' dir='ltr'>mandata</span> <span class='ocrx_word' id='word_1_118' title='bbox 1624 2659 1871 2741; x_wconf 83' lang='lat' dir='ltr'>peregit,</span> 
     </span>
    </p>

    <p class='ocr_par' dir='ltr' id='par_1_20' title="bbox 295 2762 1630 2852">
     <span class='ocr_line' id='line_1_21' title="bbox 295 2762 1630 2852; baseline -0.001 -23"><span class='ocrx_word' id='word_1_119' title='bbox 295 2767 717 2852; x_wconf 84' lang='lat' dir='ltr'>Auxiliumque</span> <span class='ocrx_word' id='word_1_120' title='bbox 749 2764 935 2849; x_wconf 84' lang='lat' dir='ltr'>petit3</span> <span class='ocrx_word' id='word_1_121' title='bbox 980 2764 1134 2826; x_wconf 85' lang='lat' dir='ltr'>vires</span> <span class='ocrx_word' id='word_1_122' title='bbox 1160 2762 1417 2825; x_wconf 86' lang='lat' dir='ltr'>AEtolius</span> <span class='ocrx_word' id='word_1_123' title='bbox 1456 2764 1630 2827; x_wconf 88' lang='lat' dir='ltr'>heros</span> 
     </span>
    </p>

    <p class='ocr_par' dir='ltr' id='par_1_21' title="bbox 295 2869 1730 2955">
     <span class='ocr_line' id='line_1_22' title="bbox 295 2869 1730 2955; baseline -0.001 -21"><span class='ocrx_word' id='word_1_124' title='bbox 295 2870 568 2935; x_wconf 83' lang='lat' dir='ltr'>Excusat</span> <span class='ocrx_word' id='word_1_125' title='bbox 600 2895 614 2933; x_wconf 77' lang='grc' dir='ltr'><strong><em>ε</em></strong></span> <span class='ocrx_word' id='word_1_126' title='bbox 661 2891 772 2935; x_wconf 90' lang='lat' dir='ltr'>nec</span> <span class='ocrx_word' id='word_1_127' title='bbox 805 2892 869 2932; x_wconf 86' lang='lat' dir='ltr'>se</span> <span class='ocrx_word' id='word_1_128' title='bbox 902 2869 1091 2932; x_wconf 88' lang='lat' dir='ltr'>soceri</span> <span class='ocrx_word' id='word_1_129' title='bbox 1122 2870 1491 2933; x_wconf 86' lang='lat' dir='ltr'>committere</span> <span class='ocrx_word' id='word_1_130' title='bbox 1520 2892 1730 2955; x_wconf 64' lang='lat' dir='ltr'>pugnae</span> 
     </span>
    </p>

    <p class='ocr_par' dir='ltr' id='par_1_22' title="bbox 294 2973 1799 3060">
     <span class='ocr_line' id='line_1_23' title="bbox 294 2973 1799 3060; baseline 0.002 -23"><span class='ocrx_word' id='word_1_131' title='bbox 294 2973 467 3037; x_wconf 89' lang='lat' dir='ltr'>Velle</span> <span class='ocrx_word' id='word_1_132' title='bbox 500 2977 589 3039; x_wconf 92' lang='lat' dir='ltr'>sui</span> <span class='ocrx_word' id='word_1_133' title='bbox 619 2976 866 3060; x_wconf 87' lang='lat' dir='ltr'>populos</span> <span class='ocrx_word' id='word_1_134' title='bbox 893 2997 908 3035; x_wconf 74' lang='lat' dir='ltr'><em>z</em></span> <span class='ocrx_word' id='word_1_135' title='bbox 951 2996 1088 3051; x_wconf 89' lang='lat' dir='ltr'>nec,</span> <span class='ocrx_word' id='word_1_136' title='bbox 1112 2996 1259 3057; x_wconf 86' lang='lat' dir='ltr'>quos</span> <span class='ocrx_word' id='word_1_137' title='bbox 1288 2997 1324 3037; x_wconf 89' lang='lat' dir='ltr'>e</span> <span class='ocrx_word' id='word_1_138' title='bbox 1353 2991 1526 3059; x_wconf 83' lang='lat' dir='ltr'>gente</span> <span class='ocrx_word' id='word_1_139' title='bbox 1559 2999 1799 3040; x_wconf 90' lang='lat' dir='ltr'>suorum</span> 
     </span>
    </p>

    <p class='ocr_par' dir='ltr' id='par_1_23' title="bbox 293 3078 2253 3156">
     <span class='ocr_line' id='line_1_24' title="bbox 293 3078 2253 3156; baseline 0.002 -13"><span class='ocrx_word' id='word_1_140' title='bbox 293 3081 525 3156; x_wconf 87' lang='lat' dir='ltr'>Armet,</span> <span class='ocrx_word' id='word_1_141' title='bbox 559 3081 779 3143; x_wconf 89' lang='lat' dir='ltr'>habere</span> <span class='ocrx_word' id='word_1_142' title='bbox 808 3079 982 3141; x_wconf 85' lang='lat' dir='ltr'>viros.</span> <span class='ocrx_word' id='word_1_143' title='bbox 1075 3078 1281 3142; x_wconf 88' lang='lat' dir='ltr'>Rutuli</span> <span class='ocrx_word' id='word_1_144' title='bbox 1313 3081 1436 3142; x_wconf 90' lang='lat' dir='ltr'>sine</span> <span class='ocrx_word' id='word_1_145' title='bbox 1466 3081 1681 3143; x_wconf 87' lang='lat' dir='ltr'>viribus</span> <span class='ocrx_word' id='word_1_146' title='bbox 1716 3082 1822 3144; x_wconf 89' lang='lat' dir='ltr'>illis</span> <span class='ocrx_word' id='word_1_147' title='bbox 2169 3090 2253 3148; x_wconf 79' lang='lat'>20</span> 
     </span>
    </p>

    <p class='ocr_par' dir='ltr' id='par_1_24' title="bbox 295 3184 2096 3268">
     <span class='ocr_line' id='line_1_25' title="bbox 295 3184 2096 3268; baseline 0.003 -21"><span class='ocrx_word' id='word_1_148' title='bbox 295 3184 469 3247; x_wconf 87' lang='lat' dir='ltr'>Bella</span> <span class='ocrx_word' id='word_1_149' title='bbox 498 3184 773 3247; x_wconf 87' lang='lat' dir='ltr'>instructa</span> <span class='ocrx_word' id='word_1_150' title='bbox 802 3197 1011 3265; x_wconf 88' lang='lat' dir='ltr'>gerunt</span> <span class='ocrx_word' id='word_1_151' title='bbox 1037 3205 1052 3243; x_wconf 75' lang='lat' dir='ltr'><em>z</em></span> <span class='ocrx_word' id='word_1_152' title='bbox 1096 3185 1463 3265; x_wconf 88' lang='lat' dir='ltr'>multumque</span> <span class='ocrx_word' id='word_1_153' title='bbox 1494 3184 1567 3245; x_wconf 89' lang='lat' dir='ltr'>ab</span> <span class='ocrx_word' id='word_1_154' title='bbox 1597 3185 1844 3268; x_wconf 70' lang='lat' dir='ltr'>utraque</span> <span class='ocrx_word' id='word_1_155' title='bbox 1874 3186 2096 3253; x_wconf 86' lang='lat' dir='ltr'>cruoris</span> 
     </span>
    </p>

    <p class='ocr_par' dir='ltr' id='par_1_25' title="bbox 294 3286 1910 3371">
     <span class='ocr_line' id='line_1_26' title="bbox 294 3286 1910 3371; baseline 0.002 -22"><span class='ocrx_word' id='word_1_156' title='bbox 294 3287 477 3350; x_wconf 88' lang='lat' dir='ltr'>Parte</span> <span class='ocrx_word' id='word_1_157' title='bbox 510 3289 699 3350; x_wconf 88' lang='lat' dir='ltr'>datur.</span> <span class='ocrx_word' id='word_1_158' title='bbox 791 3286 940 3350; x_wconf 89' lang='lat' dir='ltr'>Fert</span> <span class='ocrx_word' id='word_1_159' title='bbox 969 3309 1114 3350; x_wconf 88' lang='lat' dir='ltr'>ecce</span> <span class='ocrx_word' id='word_1_160' title='bbox 1149 3289 1349 3350; x_wconf 89' lang='lat' dir='ltr'>avidas</span> <span class='ocrx_word' id='word_1_161' title='bbox 1378 3289 1437 3350; x_wconf 92' lang='lat' dir='ltr'>in</span> <span class='ocrx_word' id='word_1_162' title='bbox 1466 3289 1642 3371; x_wconf 88' lang='lat' dir='ltr'>pinea</span> <span class='ocrx_word' id='word_1_163' title='bbox 1669 3288 1910 3354; x_wconf 82' lang='lat' dir='ltr'>Turnus</span> 
     </span>
    </p>

    <p class='ocr_par' dir='ltr' id='par_1_26' title="bbox 293 3390 2132 3579">
     <span class='ocr_line' id='line_1_27' title="bbox 293 3390 2080 3479; baseline 0.002 -25"><span class='ocrx_word' id='word_1_164' title='bbox 293 3390 499 3454; x_wconf 83' lang='lat' dir='ltr'>Texta</span> <span class='ocrx_word' id='word_1_165' title='bbox 528 3391 735 3455; x_wconf 84' lang='lat' dir='ltr'>faces:</span> <span class='ocrx_word' id='word_1_166' title='bbox 777 3392 1061 3474; x_wconf 84' lang='lat' dir='ltr'>ignesque</span> <span class='ocrx_word' id='word_1_167' title='bbox 1090 3393 1315 3467; x_wconf 91' lang='lat' dir='ltr'>timent,</span> <span class='ocrx_word' id='word_1_168' title='bbox 1347 3393 1554 3473; x_wconf 89' lang='lat' dir='ltr'>quibus</span> <span class='ocrx_word' id='word_1_169' title='bbox 1600 3393 1755 3456; x_wconf 89' lang='lat' dir='ltr'>unda</span> <span class='ocrx_word' id='word_1_170' title='bbox 1797 3400 2080 3479; x_wconf 84' lang='lat' dir='ltr'>pepercit.</span> 
     </span>
     <span class='ocr_line' id='line_1_28' title="bbox 379 3495 2132 3579; baseline 0.005 -22"><span class='ocrx_word' id='word_1_171' title='bbox 379 3495 637 3579; x_wconf 88' lang='lat' dir='ltr'>Jamque</span> <span class='ocrx_word' id='word_1_172' title='bbox 668 3497 884 3579; x_wconf 90' lang='lat' dir='ltr'>picem,</span> <span class='ocrx_word' id='word_1_173' title='bbox 909 3509 969 3557; x_wconf 88' lang='lat' dir='ltr'>et</span> <span class='ocrx_word' id='word_1_174' title='bbox 998 3517 1187 3571; x_wconf 79' lang='lat' dir='ltr'>ceraS,</span> <span class='ocrx_word' id='word_1_175' title='bbox 1220 3496 1609 3577; x_wconf 87' lang='lat' dir='ltr'>alimentaque</span> <span class='ocrx_word' id='word_1_176' title='bbox 1640 3512 1853 3561; x_wconf 87' lang='lat' dir='ltr'>caetera</span> <span class='ocrx_word' id='word_1_177' title='bbox 1881 3501 2132 3565; x_wconf 81' lang='lat' dir='ltr'>flammae</span> 
     </span>
    </p>

    <p class='ocr_par' dir='ltr' id='par_1_27' title="bbox 295 3600 2245 3683">
     <span class='ocr_line' id='line_1_29' title="bbox 295 3600 2245 3683; baseline -0.001 -18"><span class='ocrx_word' id='word_1_178' title='bbox 295 3600 591 3665; x_wconf 90' lang='lat' dir='ltr'>Mulciber</span> <span class='ocrx_word' id='word_1_179' title='bbox 621 3600 848 3673; x_wconf 88' lang='lat' dir='ltr'>urebat,</span> <span class='ocrx_word' id='word_1_180' title='bbox 879 3620 1104 3683; x_wconf 88' lang='lat' dir='ltr'>perque</span> <span class='ocrx_word' id='word_1_181' title='bbox 1136 3600 1316 3661; x_wconf 87' lang='lat' dir='ltr'>altum</span> <span class='ocrx_word' id='word_1_182' title='bbox 1348 3600 1423 3659; x_wconf 89' lang='lat' dir='ltr'>ad</span> <span class='ocrx_word' id='word_1_183' title='bbox 1454 3601 1699 3665; x_wconf 87' lang='lat' dir='ltr'>carbasa</span> <span class='ocrx_word' id='word_1_184' title='bbox 1728 3606 1948 3667; x_wconf 91' lang='lat' dir='ltr'>malum</span> <span class='ocrx_word' id='word_1_185' title='bbox 2162 3608 2245 3665; x_wconf 79' lang='lat'>25</span> 
     </span>
    </p>

    <p class='ocr_par' dir='ltr' id='par_1_28' title="bbox 296 3700 1707 3784">
     <span class='ocr_line' id='line_1_30' title="bbox 296 3700 1707 3784; baseline -0.002 -12"><span class='ocrx_word' id='word_1_186' title='bbox 296 3704 443 3784; x_wconf 89' lang='lat' dir='ltr'>Ibat,</span> <span class='ocrx_word' id='word_1_187' title='bbox 477 3718 538 3769; x_wconf 90' lang='lat' dir='ltr'>et</span> <span class='ocrx_word' id='word_1_188' title='bbox 566 3705 820 3771; x_wconf 74' lang='lat' dir='ltr'>incurvae</span> <span class='ocrx_word' id='word_1_189' title='bbox 852 3700 1155 3767; x_wconf 87' lang='lat' dir='ltr'>fumabant</span> <span class='ocrx_word' id='word_1_190' title='bbox 1182 3717 1430 3770; x_wconf 82' lang='lat' dir='ltr'>transtra</span> <span class='ocrx_word' id='word_1_191' title='bbox 1458 3706 1707 3769; x_wconf 76' lang='lat' dir='ltr'>carinae:</span> 
     </span>
    </p>
   </div>
  </div>
 </body>
</html>
