2622 4207
357 338 384 391 1
399 335 476 394 12
950 323 1708 406 METAMORPHOSEON

359 503 451 580 Et,
484 503 607 566 sine
639 524 758 580 me,
790 523 888 566 me
918 517 1130 588 pontus
1158 505 1360 568 habet.
1451 502 1771 566 Crudelior
1793 503 1922 586 ipso

352 609 441 672 Sit
469 610 610 673 mihi
640 631 810 673 mens
840 611 1071 694 pelagO,
1102 610 1150 673 si
1179 610 1358 673 vitam
1395 609 1617 672 ducere
1646 608 1796 670 nitar

349 715 635 798 Longius,
667 730 726 778 et
752 730 911 778 tanto
940 737 1202 799 pugnem
1238 736 1550 798 superesse
1581 713 1789 776 dolori.
2185 717 2315 778 340

351 820 474 882 Sed
506 842 701 904 neque
731 822 1007 904 pugnabo
1034 843 1049 882 ε
1094 843 1209 883 nec
1245 834 1326 896 te,
1357 820 1711 895 miserande,
1741 818 2066 902 relinquam
2094 841 2111 880 z

343 924 433 989 Et
458 925 559 987 tibi
588 947 744 988 nunc
776 926 983 988 saltem
1011 926 1244 988 veniam
1276 946 1482 988 comes
1509 947 1525 986 ε
1569 924 1747 1008 inque
1779 924 2074 1008 sepulcre,

352 1030 417 1092 Si
447 1053 563 1092 non
593 1053 759 1107 urna,
790 1044 989 1094 tamen
1012 1030 1225 1116 junget
1252 1051 1360 1093 nos
1390 1031 1598 1110 litera3
1645 1030 1692 1092 si
1723 1052 1842 1092 non

350 1135 601 1199 Ossibus
630 1159 765 1200 ossa
794 1137 963 1213 meiS,
997 1150 1057 1199 at
1083 1158 1301 1199 nomen
1331 1135 1570 1198 nomine
1598 1134 1883 1218 tangam!

350 1241 535 1304 Plura
564 1242 730 1304 dolor
760 1242 1030 1325 prohibet
1053 1263 1072 1319 3
1116 1241 1417 1324 verboque
1448 1240 1756 1303 intervenit
1783 1243 1948 1303 omni
2185 1246 2317 1305 345

355 1345 607 1428 Plangor
634 1368 649 1406 ε
695 1360 755 1407 et
785 1346 1024 1408 attonito
1054 1346 1308 1428 gemitus
1340 1367 1373 1408 e
1406 1346 1591 1408 corde
1621 1345 1949 1408 trahuntur.

435 1448 620 1512 Mane
651 1463 813 1512 erat:
857 1450 1157 1532 egreditur
1184 1450 1355 1513 tectis
1387 1451 1462 1513 ad
1493 1451 1651 1514 littus
1679 1473 1694 1512 t
1740 1465 1802 1514 et
1831 1451 1995 1514 illum
2038 1471 2044 1476 ·

350 1554 569 1618 Moesta
597 1556 795 1618 locum
825 1555 1055 1640 repetit,
1086 1556 1163 1618 de
1194 1577 1314 1640 quo
1355 1556 1651 1640 spectarat
1680 1571 1943 1621 euntem.
2002 1554 2007 1559 ’

350 1661 656 1745 Dumque,
690 1668 706 1697 ‘
727 1660 995 1725 Moratus
1023 1661 1101 1724 ibi
1126 1684 1145 1741 3
1178 1662 1194 1692 '
1243 1662 1527 1746 dumque,
1561 1668 1577 1698 ‘
1604 1660 1726 1725 Hic
1757 1663 2081 1726 retinacula
2125 1661 2312 1740 solvit,
2398 1712 2404 1723 .

350 1764 489 1830 Hoc
518 1767 660 1829 mihi
692 1767 1006 1832 discedens
1038 1767 1201 1830 dedit
1228 1767 1432 1830 oscula
1459 1767 1693 1845 littore,’
1725 1768 1885 1845 dicit,
2183 1772 2315 1830 350

353 1873 677 1963 [Dumque
699 1888 897 1938 notata
925 1874 1113 1937 oculis
1143 1874 1532 1938 reminiscitur
1563 1888 1714 1951 acta,
1745 1872 2116 1959 fretumque]

349 1979 683 2062 Prospicit3
728 1981 787 2041 in
815 1977 1055 2062 liquida,
1087 1981 1272 2061 spatio
1302 1970 1574 2055 distante,
1605 1993 1800 2042 tuetur

346 2083 576 2147 Nescio
608 2082 768 2166 quid,
802 2083 965 2165 quasi
996 2103 1230 2165 corpu5‚
1264 2082 1420 2164 aqua
1446 2105 1462 2143 ε
1504 2083 1835 2165 primoque,
1868 2085 2007 2168 quid
2039 2085 2183 2149 illud

352 2186 551 2261 Esset,
583 2200 710 2247 erat
738 2186 1003 2247 dubium.
1094 2185 1423 2268 Postquam
1452 2185 1629 2268 paulo
1661 2188 1884 2269 appulit
1911 2190 2074 2252 unda
2097 2213 2119 2268 3

351 2290 453 2366 Et,
486 2290 751 2374 quamvis
784 2289 1005 2365 aberat,
1036 2310 1251 2373 corpus
1279 2304 1481 2353 tamen
1512 2312 1644 2353 esse
1675 2291 1934 2373 liquebat
1957 2316 1977 2372 3
2188 2300 2314 2359 355

352 2394 477 2468 Qui
507 2393 675 2471 foret,
706 2395 998 2479 ignorans,
1029 2395 1166 2479 quia
1194 2392 1532 2479 naufragus,
1563 2396 1762 2458 omine
1792 2410 1955 2458 mota
1985 2412 2095 2475 est,

351 2500 437 2567 Et
486 2516 767 2586 tanquam
816 2502 1014 2586 ignoto
1062 2502 1392 2590 lacrymam
1441 2502 1627 2579 daret,
1682 2510 1698 2539 ‘
1723 2502 1888 2579 Heu,
1938 2504 2163 2583 miser,'
2222 2508 2313 2568 in-

526 2609 669 2693 quit,
2114 2674 2119 2677 ,

357 2721 373 2752 ‘
400 2713 685 2798 Quisquis
715 2704 819 2790 eS,
852 2715 980 2778 etsi
1012 2736 1129 2799 qua
1160 2729 1249 2779 est
1301 2715 1523 2798 conjux
1573 2715 1676 2778 tibi
1705 2717 1718 2777 Ξ
1747 2716 1763 2745 ’
1853 2713 2165 2779 Fluctibus
2211 2737 2313 2779 ac-

525 2832 653 2886 tum

354 2922 454 2986 Fit
480 2923 719 3006 propius
749 2942 983 3005 corpus.
1075 2920 1261 2994 Quod
1293 2943 1410 3005 quo
1440 2922 1628 3007 magis
1656 2924 1754 2987 illa
1780 2939 1996 3001 tuetur,

360 3026 497 3090 Hoc
527 3026 740 3102 minuS,
771 3040 832 3087 et
861 3025 1052 3087 minus
1082 3040 1173 3088 est
1203 3016 1409 3090 amens
1439 3050 1570 3090 sua.
1659 3028 1916 3114 Jamque
1945 3030 2282 3115 propinquae

359 3133 685 3194 Admotum
713 3145 904 3207 terrae‚
925 3130 1055 3216 jam
1088 3133 1245 3215 quod
1277 3155 1644 3216 cognoscere
1674 3133 1894 3217 posset,
2188 3139 2305 3199 361

358 3237 587 3301 Cernit.
682 3236 833 3301 Erat
855 3236 1097 3322 conjux.
1192 3237 1341 3300 ‘Ille
1372 3253 1482 3314 est,
1507 3239 1524 3268 '
1556 3239 1898 3301 exclamat:
1945 3253 2004 3302 et
2034 3238 2155 3303 unii

358 3344 505 3419 Ora,
535 3364 760 3420 comaS,
790 3359 1018 3406 vestem
1048 3343 1306 3405 lacerat:
1351 3343 1721 3426 tendensque
1750 3357 2070 3407 trementes

360 3450 460 3513 Ad
491 3448 703 3531 Ce’yca
733 3467 963 3524 manus,
996 3456 1013 3486 ‘
1036 3449 1160 3525 Sic,
1189 3471 1229 3511 o
1259 3448 1561 3512 carissime
1593 3448 1836 3533 conjux,

361 3554 465 3618 Sic
496 3555 572 3617 ad
602 3575 721 3630 me,
753 3554 1107 3629 miserande,
1137 3554 1295 3616 redis
1319 3552 1345 3615 ?
1368 3553 1386 3583 ’
1419 3553 1515 3615 ait.
1607 3552 1868 3638 Adjacet
1894 3555 2068 3618 undis
2186 3558 2309 3619 365

364 3660 552 3726 Facta
582 3681 760 3723 manu
792 3658 1016 3726 moles:
1063 3680 1190 3744 quae
1219 3659 1440 3743 primas
1469 3657 1717 3742 aequoris
1745 3658 1861 3723 iras
