2622 4207
341 306 424 367 46
836 330 841 333 -
937 284 1695 349 METAMORPHosnoN

341 453 428 521 Ut
446 456 636 543 jacuit
662 454 969 539 resupinus
995 449 1180 526 humi,
1210 469 1387 513 cruor
1416 446 1633 510 emicat
1662 443 1799 520 alte,
1843 420 1847 436 ’
2057 492 2064 497 .
2217 446 2299 504 50

344 562 408 626 N
409 585 487 626 on
519 563 701 639 aliter,
733 560 911 645 quam
941 558 1082 621 cum
1108 555 1306 618 vitiato
1336 553 1529 616 fistula
1556 551 1802 635 plumbo

347 669 662 744 Scinditur,
693 681 753 730 et
779 680 989 729 tenues
1017 663 1295 727 stridente
1326 658 1613 724 foramine
1644 655 1820 741 longe

346 771 691 857 Ejaculatur
722 789 945 852 aquas:
990 781 1166 850 atque
1195 764 1409 828 ictibus
1438 764 1576 826 aera
1607 759 1844 844 rumpit.

342 875 597 939 Arborei
627 873 805 936 soetus
833 871 1184 956 adspergine
1215 869 1397 933 caedis
1425 867 1485 930 in
1518 880 1709 930 atram

343 976 665 1043 Vertuntur
685 977 940 1042 faciem:
985 973 1440 1059 madefactaque
1471 971 1756 1055 sanguine
1777 970 1957 1047 radix
2221 973 2303 1030 55

342 1084 634 1147 Poeniceo
654 1083 859 1168 tinguit
886 1080 1205 1167 pendentia
1223 1099 1394 1142 mora
1421 1077 1646 1141 colore.

432 1189 627 1267 Ecce,
658 1206 823 1252 metu
845 1189 1109 1252 nondum
1143 1186 1354 1271 posit0,
1373 1205 1462 1247 ne
1494 1182 1655 1247 fallat
1682 1196 1998 1256 amantem,

341 1295 449 1358 Illa
477 1295 664 1358 redit:
698 1294 1104 1379 juvenemque
1133 1289 1686 1373 oculissanimoque
1716 1286 1997 1373 requirit:

343 1398 704 1483 Quantaque
732 1398 922 1462 vitarit
949 1419 1187 1461 narrare
1216 1395 1481 1480 pericula
1509 1394 1699 1478 gestit.

342 1502 546 1589 thue
568 1505 788 1581 locum,
820 1517 881 1567 et
905 1500 1140 1566 versam
1167 1500 1443 1585 cognovit
1469 1500 1530 1565 in
1559 1501 1769 1565 arbore
1798 1496 2092 1578 formam:
2213 1499 2304 1562 60

348 1607 481 1695 (Sic
512 1608 652 1673 facit
677 1610 963 1673 incertam
990 1608 1154 1693 pomi
1183 1606 1375 1692 color)
1406 1607 1610 1683 haeret,
1642 1627 1718 1671 an
1759 1604 1892 1669 hoec
1920 1603 2013 1669 sit.

344 1715 512 1780 Dum
541 1715 784 1793 dubitat,
812 1715 1205 1780 tremebunda
1232 1713 1393 1777 videt
1420 1714 1657 1798 pulsare
1685 1724 1999 1777 cruentum

344 1820 624 1886 Membra
652 1823 864 1899 solum,
892 1835 1167 1907 retroque
1195 1821 1422 1906 pedem
1448 1819 1617 1885 tulit:
1659 1837 1885 1902 oraque
1913 1816 2076 1888 buxo

344 1927 664 1991 Pallidiora
692 1950 923 2011 gerens,
956 1928 1279 2005 exhorruit,
1311 1927 1561 2011 :equoris
1588 1926 1786 2000 instar,

344 2027 530 2103 Quod
570 2030 784 2106 tremit,
817 2028 1038 2111 exigua
1064 2029 1206 2092 cum
1236 2047 1535 2091 summum
1566 2025 1866 2108 stringitur
1888 2021 2052 2087 aura.
2219 2025 2307 2087 60
2407 2076 2412 2085 μ

347 2130 474 2194 Sed
502 2146 815 2216 postquam
841 2143 1141 2194 remorata
1169 2150 1309 2193 suos
1339 2128 1614 2211 cognovit
1642 2146 1920 2205 amores;
2005 2190 2008 2194 ⁴

343 2234 610 2300 Percutit
636 2235 905 2319 indignos
935 2234 1096 2297 claro
1125 2234 1411 2317 plangore
1440 2232 1695 2295 lacertos
1720 2252 1737 2293 τ
1813 2305 1816 2306 ⁷

344 2340 429 2404 Et
456 2340 669 2403 laniata
696 2360 922 2416 comas,
954 2338 1354 2424 amplexaque
1383 2357 1603 2421 corpus
1632 2349 1919 2413 amatum,

340 2442 608 2507 Vulnera
636 2444 926 2529 supplevit
951 2443 1250 2528 lacrymia
1278 2441 1607 2527 fletumque
1636 2441 1831 2505 cruori

340 2548 618 2615 Miscuit:
663 2565 726 2614 et
753 2550 961 2635 gelidis
988 2549 1047 2612 in
1075 2549 1330 2614 vultibus
1350 2548 1556 2614 oscula
1583 2549 1793 2633 figens,
2215 2554 2302 2613 70

343 2662 359 2693 ‘
380 2654 664 2740 Pyrame,
685 2656 703 2687 '
733 2656 1025 2733 clamavit,
1058 2662 1076 2693 ‘
1100 2656 1230 2739 quis
1258 2669 1318 2719 te
1348 2656 1493 2722 mihi
1522 2677 1698 2719 casus
1728 2653 1993 2718 ademit?

342 2760 629 2845 Pyrame,
658 2760 980 2844 responde.
1070 2758 1214 2821 Tua
1240 2772 1323 2835 te,
1354 2759 1684 2837 carissime,
1713 2757 1948 2823 Thisbe

340 2865 663 2928 Nominat:
709 2863 951 2939 exaudi,
981 2862 1291 2947 vultusque
1324 2862 1519 2927 attolle
1532 2862 1849 2947 jacentes!

338 2969 437 3032 Ad
467 2989 692 3031 nomen
718 2967 984 3032 Thisbes
1012 2967 1240 3045 oculoS,
1261 2967 1395 3053 jam
1423 2983 1615 3033 morte
1644 2984 1937 3053 gravatoS,

341 3074 638 3159 Pyramus
662 3073 875 3160 erexit,
905 3073 1149 3157 visaque
1178 3058 1513 3139 recondidit
1541 3074 1659 3141 illa.
2210 3082 2249 3139 7
2256 3081 2296 3139 5

338 3177 492 3252 Quae
522 3193 838 3264 postquam
867 3195 1217 3265 vestemque
1248 3199 1420 3246 suam
1449 3183 1743 3265 cognovit,
1774 3197 1836 3247 et
1864 3204 2007 3246 ense

334 3282 500 3347 Vidit
530 3286 676 3348 ebur
705 3308 1001 3368 vacuum3
1048 3295 1065 3325 ⁶
1082 3286 1223 3351 Tua
1250 3300 1311 3351 te
1342 3287 1573 3365 manus,
1599 3288 1616 3320 '
1638 3288 1841 3372 inquit,
1875 3295 1892 3326 ‘
1917 3309 2205 3374 amorque

340 3390 630 3468 Perdidit,
654 3390 880 3456 infelix.
973 3392 1088 3457 Est
1116 3407 1178 3457 et
1205 3392 1349 3456 mihi
1378 3393 1540 3457 sortis
1567 3393 1627 3455 in
1656 3415 1839 3456 unum

338 3495 482 3562 Hoc
509 3519 719 3562 manus
745 3522 760 3562 :
806 3514 897 3564 est
925 3514 986 3564 et
1014 3521 1222 3563 amor:
1268 3499 1432 3563 dabit
1457 3499 1555 3563 hic
1584 3500 1643 3561 in
1672 3500 1919 3563 vulnera
1944 3500 2118 3580 vires.

246 3617 271 3632 “
338 3604 679 3690 Persequar
710 3605 1064 3669 exstinctum
1092 3627 1108 3667 :
1150 3604 1372 3688 letique
1393 3604 1725 3667 miserrima
1753 3604 1919 3669 dicar
2206 3609 2300 3667 80

336 3711 561 3789 Causa,
593 3732 917 3794 comesque
946 3709 1029 3773 tui
1057 3732 1073 3772 :
1119 3710 1339 3795 quique
1370 3730 1407 3774 a
1434 3729 1535 3774 me
1562 3723 1754 3775 morte
1783 3710 1987 3774 revelli
