2622 4207
945 267 1083 322 Lm.
1124 265 1222 320 1v.
1272 262 1555 318 ennom
1591 260 1661 314 x.
1860 232 1863 233 f
2127 259 2246 321 tes

305 426 371 488 Si
402 440 601 489 tamen
631 426 929 489 exstinctis
962 422 1196 506 aliquid,
1226 421 1333 484 nisi
1362 420 1622 495 nomina,
1652 428 1849 493 restat,
2165 414 2244 471 85

391 530 477 595 Et
506 532 735 615 gracilis
767 544 1017 594 structos
1046 529 1246 613 effugit
1274 529 1485 590 umbra
1515 546 1689 608 rogos
1715 546 1734 603 3

307 636 521 714 Fama,
553 638 901 721 parentales,
935 637 981 699 si
1010 659 1115 699 vos
1147 656 1281 698 mea
1307 633 1566 716 contigit,
1599 631 1821 692 umbrae
1856 651 1875 706 3

388 743 474 806 Et
502 758 633 806 sunt
660 744 719 805 in
752 743 958 827 Stygio
980 742 1225 806 crimina
1253 755 1450 803 nostra
1479 739 1645 817 sor03

308 850 491 925 Scite,
521 871 753 933 precor,
784 870 1026 913 causam
1061 846 1201 932 (nec
1230 869 1335 909 vos
1367 846 1507 907 mihi
1537 844 1738 907 fallere
1768 841 1856 905 sas
1887 837 2004 925 est)

395 956 677 1019 Errorem
698 956 896 1042 jussae,
926 977 1043 1017 non
1075 954 1289 1029 sceluS‚
1322 974 1453 1014 esse
1483 950 1655 1034 sugae.
2172 947 2255 1005 90

305 1061 584 1125 Manibus
612 1063 672 1123 id
706 1062 843 1124 satis
873 1074 981 1122 est.
1074 1060 1172 1119 Ad
1205 1079 1311 1118 vos
1343 1056 1601 1118 studiosa
1631 1066 1894 1117 revertor

393 1166 676 1242 Pectora,
708 1167 808 1248 qui
836 1165 966 1226 vitae
998 1162 1247 1246 quaeritis
1278 1174 1412 1223 acta
1440 1181 1610 1221 meae.

304 1270 447 1333 Jam
477 1271 618 1332 mibi
648 1269 908 1345 canitieS,
944 1267 1119 1352 pulsis
1147 1266 1486 1329 melioribus
1516 1264 1698 1339 θοοῖς,

393 1374 699 1455 Venerat3
745 1375 1007 1459 antiquas
1036 1375 1469 1456 miscueratque
1499 1392 1740 1436 comas:

306 1481 572 1566 Postque
601 1504 768 1544 meos
795 1497 955 1544 ortus
983 1479 1180 1543 Pisaea
1206 1480 1437 1542 vinctus
1464 1478 1618 1541 oliva
2168 1479 2248 1537 95

395 1588 736 1650 Abstulerat
765 1588 966 1650 decies
994 1586 1234 1669 praemia
1261 1587 1448 1648 victor
1478 1606 1665 1668 equus
1691 1588 1721 1664 3'

307 1691 476 1756 Cum
506 1694 683 1755 maris
710 1691 938 1754 Euxini
966 1692 1185 1774 positos
1215 1691 1291 1752 ad
1320 1691 1466 1752 laeva
1493 1669 1766 1752 Tomitas
1826 1735 1832 1741 ,

396 1797 686 1872 Quaerere
716 1818 814 1858 me
844 1796 964 1858 laesi
995 1795 1288 1877 Principis
1317 1796 1400 1856 ira
1420 1794 1611 1878 jubet.

304 1903 516 1966 Causa
545 1923 694 1965 meae
725 1901 950 1964 cunctis
977 1900 1218 1962 nimium
1250 1920 1487 1984 quoque
1516 1912 1653 1962 nota
1681 1897 1865 1963 ruinae

395 2007 625 2070 Indicio
653 2029 771 2069 non
800 2020 891 2070 est
917 2007 1281 2070 testificanda
1315 2028 1469 2071 meo.
2139 2009 2259 2080 100,

308 2114 476 2189 Quid
504 2113 759 2177 reseram
789 2114 1189 2199 comitumque
1217 2114 1405 2191 nefaS,
1435 2113 1805 2200 famulosque
1833 2110 2167 2178 nocentes?

396 2220 537 2304 Ipsa
564 2221 748 2284 multa
774 2220 877 2282 tuli
904 2242 1023 2284 non
1052 2220 1272 2284 leviora
1299 2219 1460 2305 suga.

307 2324 614 2409 Indignata
643 2327 810 2390 malis
839 2349 1010 2390 mens
1038 2341 1129 2390 est
1157 2329 1551 2391 succumbere
1575 2350 1594 2407 3
1639 2349 1822 2413 seque

397 2430 673 2495 Praestitit
698 2432 973 2494 invictam
1003 2432 1218 2495 viribus
1247 2455 1356 2495 usa
1384 2433 1540 2495 suis:

307 2534 659 2619 Oblitusque
689 2550 862 2617 togae,
894 2536 1204 2618 ductaeque
1233 2558 1341 2618 per
1371 2538 1488 2598 otia
1516 2537 1667 2610 vitae,
2120 2541 2240 2598 105

392 2640 635 2703 Insolita
663 2640 797 2723 cepi
827 2640 1108 2722 temporis
1140 2661 1301 2704 arma
1332 2662 1531 2702 manu.

309 2745 553 2829 Totque
585 2745 685 2808 tuli
716 2744 874 2808 terra
902 2767 1077 2809 casus
1105 2745 1437 2829 pelagoque
1463 2769 1493 2824 3.
1527 2759 1669 2829 quot
1695 2747 1843 2810 inter

397 2853 722 2916 Occultum
752 2854 930 2917 stellae
961 2853 1463 2937 conspicuumque
1494 2854 1716 2938 polum.

308 2959 504 3023 Tacta
535 2961 675 3023 mihi
704 2960 947 3043 tandem
975 2960 1159 3043 longis
1188 2960 1478 3024 erroribus
1509 2976 1642 3025 acto

394 3065 611 3130 Juncta
639 3066 982 3150 pharetratis
1014 3065 1297 3129 Sarmatis
1326 3089 1429 3129 ora
1461 3067 1651 3130 Getis.=
2133 3075 2254 3134 110

313 3171 436 3234 Hic
467 3192 600 3254 eg0‚
631 3172 885 3235 finitimis
916 3172 1182 3256 quamvis
1211 3171 1614 3235 circumsoner
1645 3175 1840 3250 armis,
1928 3183 1943 3198 ‘

398 3275 637 3352 Tristia,
670 3298 785 3359 quo
817 3299 1074 3361 possum,
1106 3277 1368 3340 carmine
1398 3276 1517 3340 sata
1544 3279 1698 3340 levo.

309 3380 518 3457 Quod,
550 3383 815 3465 quamvis
843 3404 1021 3445 nemo
1051 3397 1159 3459 est,
1190 3383 1357 3467 cujus
1386 3381 1674 3446 reseratur
1705 3384 1779 3448 ad
1812 3406 1983 3452 aures
2008 3412 2027 3468 3

400 3487 502 3550 Sic
533 3502 731 3551 tamen
761 3489 1004 3551 absumo
1034 3490 1384 3573 decipioque
1415 3488 1596 3552 diem.

312 3593 498 3678 Ergo,
530 3593 689 3679 quod
718 3595 870 3671 vim,
902 3595 1178 3680 durisque
1209 3595 1504 3658 laboribus
1532 3598 1720 3676 obst0‚
2133 3604 2249 3661 115

397 3701 460 3764 N
462 3723 534 3765 ec
564 3722 663 3765 me
693 3701 950 3764 sollicitae
981 3701 1153 3764 taedia
1181 3700 1330 3763 lucis
1357 3701 1597 3777 habent,
