<?xml version="1.0" encoding="UTF-8"?>
<!DOCTYPE html PUBLIC "-//W3C//DTD XHTML 1.0 Transitional//EN"
    "http://www.w3.org/TR/xhtml1/DTD/xhtml1-transitional.dtd">
<html xmlns="http://www.w3.org/1999/xhtml" xml:lang="en" lang="en">
 <head>
  <title>
</title>
<meta http-equiv="Content-Type" content="text/html;charset=utf-8" />
  <meta name='ocr-system' content='tesseract 3.04.00' />
  <meta name='ocr-capabilities' content='ocr_page ocr_carea ocr_par ocr_line ocrx_word'/>
</head>
<body>
  <div class='ocr_page' id='page_1' title='image "./excerptaexscrip02goulgoog_0027.png"; bbox 0 0 2622 4207; ppageno 0'>
   <div class='ocr_carea' id='block_1_1' title="bbox 1191 236 2331 349">
    <p class='ocr_par' dir='ltr' id='par_1_1' title="bbox 1191 236 2331 349">
     <span class='ocr_line' id='line_1_1' title="bbox 1191 236 2331 349; baseline 0.005 -6"><span class='ocrx_word' id='word_1_1' title='bbox 1191 285 1505 344; x_wconf 61' lang='lat' dir='ltr'><strong>ranan.r</strong></span> <span class='ocrx_word' id='word_1_2' title='bbox 1791 236 1794 239; x_wconf 29' lang='lat'>¹</span> <span class='ocrx_word' id='word_1_3' title='bbox 2253 289 2331 349; x_wconf 80' lang='lat'><strong>13</strong></span> 
     </span>
    </p>
   </div>
   <div class='ocr_carea' id='block_1_2' title="bbox 929 606 1767 656">
    <p class='ocr_par' dir='ltr' id='par_1_2' title="bbox 929 606 1767 656">
     <span class='ocr_line' id='line_1_2' title="bbox 929 606 1767 656; baseline -0.005 -1"><span class='ocrx_word' id='word_1_4' title='bbox 929 606 1307 656; x_wconf 78' lang='lat' dir='ltr'><strong>DEUCALION</strong></span> <span class='ocrx_word' id='word_1_5' title='bbox 1353 610 1439 655; x_wconf 72' lang='grc' dir='ltr'><strong>ΕΤ</strong></span> <span class='ocrx_word' id='word_1_6' title='bbox 1486 607 1767 656; x_wconf 77' lang='lat' dir='ltr'><strong>PYRRHA.</strong></span> 
     </span>
    </p>
   </div>
   <div class='ocr_carea' id='block_1_3' title="bbox 1226 772 1524 894">
    <p class='ocr_par' dir='ltr' id='par_1_3' title="bbox 1226 772 1524 894">
     <span class='ocr_line' id='line_1_3' title="bbox 1226 772 1524 894; baseline 0 -26"><span class='ocrx_word' id='word_1_7' title='bbox 1226 772 1524 894; x_wconf 56' lang='lat' dir='ltr'><strong>v134e.¹</strong></span> 
     </span>
    </p>
   </div>
   <div class='ocr_carea' id='block_1_4' title="bbox 353 949 2330 3687">
    <p class='ocr_par' dir='ltr' id='par_1_4' title="bbox 353 949 2330 3687">
     <span class='ocr_line' id='line_1_4' title="bbox 454 949 2240 1038; baseline -0.002 -21"><span class='ocrx_word' id='word_1_8' title='bbox 454 951 756 1017; x_wconf 82' lang='lat' dir='ltr'><strong>Redditus</strong></span> <span class='ocrx_word' id='word_1_9' title='bbox 786 952 945 1017; x_wconf 87' lang='lat' dir='ltr'><strong>orbis</strong></span> <span class='ocrx_word' id='word_1_10' title='bbox 973 966 1119 1022; x_wconf 77' lang='lat' dir='ltr'><strong>erat.</strong></span> <span class='ocrx_word' id='word_1_11' title='bbox 1212 950 1422 1029; x_wconf 76' lang='lat' dir='ltr'><strong>Quem</strong></span> <span class='ocrx_word' id='word_1_12' title='bbox 1451 965 1767 1038; x_wconf 83' lang='lat' dir='ltr'>postquam</span> <span class='ocrx_word' id='word_1_13' title='bbox 1794 949 1941 1014; x_wconf 86' lang='lat' dir='ltr'><strong>vidit</strong></span> <span class='ocrx_word' id='word_1_14' title='bbox 1966 950 2240 1027; x_wconf 84' lang='lat' dir='ltr'><strong>inanem,‘</strong></span> 
     </span>
     <span class='ocr_line' id='line_1_5' title="bbox 370 1054 1632 1142; baseline -0.001 -20"><span class='ocrx_word' id='word_1_15' title='bbox 370 1054 455 1122; x_wconf 88' lang='lat' dir='ltr'><strong>Et</strong></span> <span class='ocrx_word' id='word_1_16' title='bbox 485 1059 780 1123; x_wconf 87' lang='lat' dir='ltr'><strong>desolatas</strong></span> <span class='ocrx_word' id='word_1_17' title='bbox 811 1080 991 1142; x_wconf 84' lang='lat' dir='ltr'><strong>agere</strong></span> <span class='ocrx_word' id='word_1_18' title='bbox 1022 1059 1142 1123; x_wconf 83' lang='lat' dir='ltr'><strong>alta</strong></span> <span class='ocrx_word' id='word_1_19' title='bbox 1170 1057 1398 1121; x_wconf 82' lang='lat' dir='ltr'><strong>silentia</strong></span> <span class='ocrx_word' id='word_1_20' title='bbox 1423 1071 1632 1134; x_wconf 49' lang='lat' dir='ltr'><strong>ten-aa</strong></span> 
     </span>
     <span class='ocr_line' id='line_1_6' title="bbox 365 1160 2330 1252; baseline -0.002 -25"><span class='ocrx_word' id='word_1_21' title='bbox 365 1162 722 1252; x_wconf 73' lang='lat' dir='ltr'><strong>Deucalion,</strong></span> <span class='ocrx_word' id='word_1_22' title='bbox 753 1163 1033 1248; x_wconf 74' lang='lat' dir='ltr'><strong>lacrymis</strong></span> <span class='ocrx_word' id='word_1_23' title='bbox 1058 1163 1140 1226; x_wconf 88' lang='lat' dir='ltr'><strong>ita</strong></span> <span class='ocrx_word' id='word_1_24' title='bbox 1168 1161 1471 1246; x_wconf 85' lang='lat' dir='ltr'><strong>Pyrrham</strong></span> <span class='ocrx_word' id='word_1_25' title='bbox 1500 1160 1716 1227; x_wconf 84' lang='lat' dir='ltr'><strong>affatur</strong></span> <span class='ocrx_word' id='word_1_26' title='bbox 1744 1162 2001 1227; x_wconf 84' lang='lat' dir='ltr'><strong>obortis:</strong></span> <span class='ocrx_word' id='word_1_27' title='bbox 2146 1194 2150 1198; x_wconf 58' lang='lat'>&gt;</span> <span class='ocrx_word' id='word_1_28' title='bbox 2202 1165 2330 1226; x_wconf 84' lang='lat'><strong>350</strong></span> 
     </span>
     <span class='ocr_line' id='line_1_7' title="bbox 368 1267 1868 1357; baseline 0.001 -23"><span class='ocrx_word' id='word_1_29' title='bbox 368 1276 385 1307; x_wconf 91' lang='lat'>‘</span> <span class='ocrx_word' id='word_1_30' title='bbox 406 1270 469 1333; x_wconf 89' lang='lat' dir='ltr'>O</span> <span class='ocrx_word' id='word_1_31' title='bbox 499 1292 683 1347; x_wconf 90' lang='lat' dir='ltr'><strong>soror,</strong></span> <span class='ocrx_word' id='word_1_32' title='bbox 713 1292 753 1333; x_wconf 96' lang='lat' dir='ltr'><strong>o</strong></span> <span class='ocrx_word' id='word_1_33' title='bbox 782 1269 1024 1355; x_wconf 84' lang='lat' dir='ltr'><strong>conjux,</strong></span> <span class='ocrx_word' id='word_1_34' title='bbox 1053 1292 1092 1333; x_wconf 95' lang='lat' dir='ltr'><strong>o</strong></span> <span class='ocrx_word' id='word_1_35' title='bbox 1121 1267 1368 1334; x_wconf 83' lang='lat' dir='ltr'><strong>soemina</strong></span> <span class='ocrx_word' id='word_1_36' title='bbox 1392 1269 1520 1334; x_wconf 88' lang='lat' dir='ltr'><strong>sola</strong></span> <span class='ocrx_word' id='word_1_37' title='bbox 1547 1284 1868 1357; x_wconf 88' lang='lat' dir='ltr'><strong>superstes,</strong></span> 
     </span>
     <span class='ocr_line' id='line_1_8' title="bbox 367 1374 1951 1462; baseline 0.002 -25"><span class='ocrx_word' id='word_1_38' title='bbox 367 1374 574 1450; x_wconf 81' lang='lat' dir='ltr'><strong>Quam</strong></span> <span class='ocrx_word' id='word_1_39' title='bbox 602 1398 921 1440; x_wconf 88' lang='lat' dir='ltr'><strong>commune</strong></span> <span class='ocrx_word' id='word_1_40' title='bbox 951 1376 1094 1439; x_wconf 81' lang='lat' dir='ltr'><strong>mihi</strong></span> <span class='ocrx_word' id='word_1_41' title='bbox 1124 1397 1334 1460; x_wconf 82' lang='lat' dir='ltr'><strong>genuS‚</strong></span> <span class='ocrx_word' id='word_1_42' title='bbox 1366 1391 1427 1442; x_wconf 88' lang='lat' dir='ltr'><strong>et</strong></span> <span class='ocrx_word' id='word_1_43' title='bbox 1453 1377 1735 1462; x_wconf 80' lang='lat' dir='ltr'><strong>patruelis</strong></span> <span class='ocrx_word' id='word_1_44' title='bbox 1763 1376 1951 1460; x_wconf 82' lang='lat' dir='ltr'><strong>origo,</strong></span> 
     </span>
     <span class='ocr_line' id='line_1_9' title="bbox 364 1479 2025 1569; baseline 0 -25"><span class='ocrx_word' id='word_1_45' title='bbox 364 1479 608 1544; x_wconf 83' lang='lat' dir='ltr'>Deinde</span> <span class='ocrx_word' id='word_1_46' title='bbox 636 1496 799 1546; x_wconf 87' lang='lat' dir='ltr'><strong>torus</strong></span> <span class='ocrx_word' id='word_1_47' title='bbox 817 1482 1058 1568; x_wconf 84' lang='lat' dir='ltr'><strong>junxit3</strong></span> <span class='ocrx_word' id='word_1_48' title='bbox 1101 1504 1260 1557; x_wconf 79' lang='lat' dir='ltr'><strong>nunc</strong></span> <span class='ocrx_word' id='word_1_49' title='bbox 1289 1483 1420 1568; x_wconf 86' lang='lat' dir='ltr'><strong>ipsa</strong></span> <span class='ocrx_word' id='word_1_50' title='bbox 1444 1483 1713 1567; x_wconf 88' lang='lat' dir='ltr'><strong>pericula</strong></span> <span class='ocrx_word' id='word_1_51' title='bbox 1729 1482 2025 1569; x_wconf 83' lang='lat' dir='ltr'><strong>jungunt:</strong></span> 
     </span>
     <span class='ocr_line' id='line_1_10' title="bbox 362 1586 1945 1675; baseline 0.001 -23"><span class='ocrx_word' id='word_1_52' title='bbox 362 1586 715 1666; x_wconf 85' lang='lat' dir='ltr'><strong>Terrarum,</strong></span> <span class='ocrx_word' id='word_1_53' title='bbox 747 1611 1131 1675; x_wconf 86' lang='lat' dir='ltr'><strong>quascunque</strong></span> <span class='ocrx_word' id='word_1_54' title='bbox 1158 1589 1365 1654; x_wconf 83' lang='lat' dir='ltr'><strong>vident</strong></span> <span class='ocrx_word' id='word_1_55' title='bbox 1391 1613 1644 1655; x_wconf 80' lang='lat' dir='ltr'><strong>occasus</strong></span> <span class='ocrx_word' id='word_1_56' title='bbox 1674 1604 1736 1654; x_wconf 86' lang='lat' dir='ltr'><strong>et</strong></span> <span class='ocrx_word' id='word_1_57' title='bbox 1761 1603 1945 1666; x_wconf 87' lang='lat' dir='ltr'><strong>ortus,</strong></span> 
     </span>
     <span class='ocr_line' id='line_1_11' title="bbox 362 1693 2328 1778; baseline -0.001 -20"><span class='ocrx_word' id='word_1_58' title='bbox 362 1694 498 1758; x_wconf 88' lang='lat' dir='ltr'><strong>Nos</strong></span> <span class='ocrx_word' id='word_1_59' title='bbox 528 1695 648 1758; x_wconf 94' lang='lat' dir='ltr'><strong>duo</strong></span> <span class='ocrx_word' id='word_1_60' title='bbox 674 1697 848 1758; x_wconf 87' lang='lat' dir='ltr'><strong>turba</strong></span> <span class='ocrx_word' id='word_1_61' title='bbox 876 1717 1099 1758; x_wconf 77' lang='lat' dir='ltr'><strong>sumne.</strong></span> <span class='ocrx_word' id='word_1_62' title='bbox 1191 1693 1472 1759; x_wconf 76' lang='lat' dir='ltr'>Possedit</span> <span class='ocrx_word' id='word_1_63' title='bbox 1500 1710 1718 1760; x_wconf 84' lang='lat' dir='ltr'><strong>caetera</strong></span> <span class='ocrx_word' id='word_1_64' title='bbox 1745 1709 1979 1778; x_wconf 87' lang='lat' dir='ltr'><strong>pontus.</strong></span> <span class='ocrx_word' id='word_1_65' title='bbox 2201 1699 2328 1757; x_wconf 82' lang='lat'><strong>355</strong></span> 
     </span>
     <span class='ocr_line' id='line_1_12' title="bbox 362 1796 1965 1880; baseline -0.003 -19"><span class='ocrx_word' id='word_1_66' title='bbox 362 1797 550 1861; x_wconf 90' lang='lat' dir='ltr'><strong>Nunc</strong></span> <span class='ocrx_word' id='word_1_67' title='bbox 581 1818 820 1880; x_wconf 87' lang='lat' dir='ltr'><strong>quoque</strong></span> <span class='ocrx_word' id='word_1_68' title='bbox 851 1798 1049 1858; x_wconf 85' lang='lat' dir='ltr'><strong>adhuc</strong></span> <span class='ocrx_word' id='word_1_69' title='bbox 1076 1799 1209 1859; x_wconf 81' lang='lat' dir='ltr'><strong>vitae</strong></span> <span class='ocrx_word' id='word_1_70' title='bbox 1238 1818 1358 1858; x_wconf 85' lang='lat' dir='ltr'><strong>non</strong></span> <span class='ocrx_word' id='word_1_71' title='bbox 1388 1810 1478 1858; x_wconf 88' lang='lat' dir='ltr'><strong>est</strong></span> <span class='ocrx_word' id='word_1_72' title='bbox 1502 1796 1729 1858; x_wconf 86' lang='lat' dir='ltr'><strong>fiducia</strong></span> <span class='ocrx_word' id='word_1_73' title='bbox 1754 1808 1965 1856; x_wconf 81' lang='lat' dir='ltr'><strong>nostrae</strong></span> 
     </span>
     <span class='ocr_line' id='line_1_13' title="bbox 359 1887 1926 1966; baseline -0.003 -1"><span class='ocrx_word' id='word_1_74' title='bbox 359 1901 561 1966; x_wconf 87' lang='lat' dir='ltr'><strong>Certa</strong></span> <span class='ocrx_word' id='word_1_75' title='bbox 588 1887 767 1965; x_wconf 81' lang='lat' dir='ltr'><strong>satis:</strong></span> <span class='ocrx_word' id='word_1_76' title='bbox 811 1911 1035 1961; x_wconf 87' lang='lat' dir='ltr'><strong>terrent</strong></span> <span class='ocrx_word' id='word_1_77' title='bbox 1062 1898 1386 1962; x_wconf 85' lang='lat' dir='ltr'><strong>etiamnum</strong></span> <span class='ocrx_word' id='word_1_78' title='bbox 1414 1898 1616 1962; x_wconf 89' lang='lat' dir='ltr'><strong>nubila</strong></span> <span class='ocrx_word' id='word_1_79' title='bbox 1641 1912 1926 1965; x_wconf 82' lang='lat' dir='ltr'><strong>mentem.</strong></span> 
     </span>
     <span class='ocr_line' id='line_1_14' title="bbox 360 2004 1708 2091; baseline -0.001 -19"><span class='ocrx_word' id='word_1_80' title='bbox 360 2008 536 2084; x_wconf 77' lang='lat' dir='ltr'><strong>Quid</strong></span> <span class='ocrx_word' id='word_1_81' title='bbox 567 2007 687 2085; x_wconf 90' lang='lat' dir='ltr'><strong>tibi,</strong></span> <span class='ocrx_word' id='word_1_82' title='bbox 720 2007 767 2071; x_wconf 87' lang='lat' dir='ltr'><strong>si</strong></span> <span class='ocrx_word' id='word_1_83' title='bbox 796 2007 922 2071; x_wconf 86' lang='lat' dir='ltr'><strong>sine</strong></span> <span class='ocrx_word' id='word_1_84' title='bbox 951 2028 1054 2069; x_wconf 89' lang='lat' dir='ltr'><strong>me</strong></span> <span class='ocrx_word' id='word_1_85' title='bbox 1081 2004 1214 2071; x_wconf 84' lang='lat' dir='ltr'><strong>satis</strong></span> <span class='ocrx_word' id='word_1_86' title='bbox 1243 2021 1447 2091; x_wconf 87' lang='lat' dir='ltr'><strong>erepta</strong></span> <span class='ocrx_word' id='word_1_87' title='bbox 1476 2005 1708 2085; x_wconf 88' lang='lat' dir='ltr'><strong>fuisses,</strong></span> 
     </span>
     <span class='ocr_line' id='line_1_15' title="bbox 362 2105 2015 2199; baseline 0.002 -20"><span class='ocrx_word' id='word_1_88' title='bbox 362 2116 546 2179; x_wconf 91' lang='lat' dir='ltr'><strong>Nunc</strong></span> <span class='ocrx_word' id='word_1_89' title='bbox 577 2114 773 2191; x_wconf 86' lang='lat' dir='ltr'><strong>animi,</strong></span> <span class='ocrx_word' id='word_1_90' title='bbox 803 2111 1161 2191; x_wconf 85' lang='lat' dir='ltr'><strong>miseranda,</strong></span> <span class='ocrx_word' id='word_1_91' title='bbox 1192 2111 1387 2178; x_wconf 85' lang='lat' dir='ltr'><strong>foret?</strong></span> <span class='ocrx_word' id='word_1_92' title='bbox 1435 2136 1553 2199; x_wconf 91' lang='lat' dir='ltr'><strong>quo</strong></span> <span class='ocrx_word' id='word_1_93' title='bbox 1584 2115 1709 2181; x_wconf 82' lang='lat' dir='ltr'><strong>sola</strong></span> <span class='ocrx_word' id='word_1_94' title='bbox 1736 2105 2015 2183; x_wconf 86' lang='lat' dir='ltr'><strong>timorem</strong></span> 
     </span>
     <span class='ocr_line' id='line_1_16' title="bbox 362 2218 2326 2306; baseline 0.002 -20"><span class='ocrx_word' id='word_1_95' title='bbox 362 2220 556 2286; x_wconf 89' lang='lat' dir='ltr'><strong>Ferre</strong></span> <span class='ocrx_word' id='word_1_96' title='bbox 581 2220 765 2285; x_wconf 90' lang='lat' dir='ltr'><strong>modo</strong></span> <span class='ocrx_word' id='word_1_97' title='bbox 785 2240 993 2306; x_wconf 87' lang='lat' dir='ltr'><strong>posses</strong></span> <span class='ocrx_word' id='word_1_98' title='bbox 1016 2218 1043 2283; x_wconf 86' lang='lat'>?</span> <span class='ocrx_word' id='word_1_99' title='bbox 1091 2240 1211 2305; x_wconf 91' lang='lat' dir='ltr'><strong>quo</strong></span> <span class='ocrx_word' id='word_1_100' title='bbox 1234 2221 1574 2286; x_wconf 80' lang='lat' dir='ltr'><strong>consolante</strong></span> <span class='ocrx_word' id='word_1_101' title='bbox 1606 2222 1890 2289; x_wconf 86' lang='lat' dir='ltr'><strong>doleres?</strong></span> <span class='ocrx_word' id='word_1_102' title='bbox 2196 2228 2326 2290; x_wconf 80' lang='lat'><strong>360</strong></span> 
     </span>
     <span class='ocr_line' id='line_1_17' title="bbox 362 2324 2171 2413; baseline 0.003 -22"><span class='ocrx_word' id='word_1_103' title='bbox 362 2327 643 2412; x_wconf 85' lang='lat' dir='ltr'><strong>Namque</strong></span> <span class='ocrx_word' id='word_1_104' title='bbox 668 2349 781 2411; x_wconf 85' lang='lat' dir='ltr'><strong>ego</strong></span> <span class='ocrx_word' id='word_1_105' title='bbox 814 2327 1025 2408; x_wconf 88' lang='lat' dir='ltr'><strong>(crede</strong></span> <span class='ocrx_word' id='word_1_106' title='bbox 1053 2324 1248 2411; x_wconf 83' lang='lat' dir='ltr'><strong>mihi,)</strong></span> <span class='ocrx_word' id='word_1_107' title='bbox 1282 2327 1332 2390; x_wconf 84' lang='lat' dir='ltr'><strong>si</strong></span> <span class='ocrx_word' id='word_1_108' title='bbox 1357 2339 1418 2390; x_wconf 88' lang='lat' dir='ltr'><strong>te</strong></span> <span class='ocrx_word' id='word_1_109' title='bbox 1447 2328 1634 2392; x_wconf 73' lang='lat' dir='ltr'><strong>modo</strong></span> <span class='ocrx_word' id='word_1_110' title='bbox 1661 2344 1875 2413; x_wconf 89' lang='lat' dir='ltr'><strong>pontus</strong></span> <span class='ocrx_word' id='word_1_111' title='bbox 1898 2330 2171 2409; x_wconf 88' lang='lat' dir='ltr'><strong>haberet,</strong></span> 
     </span>
     <span class='ocr_line' id='line_1_18' title="bbox 358 2431 2232 2517; baseline 0.003 -23"><span class='ocrx_word' id='word_1_112' title='bbox 358 2431 462 2495; x_wconf 88' lang='lat' dir='ltr'><strong>Te</strong></span> <span class='ocrx_word' id='word_1_113' title='bbox 491 2454 793 2517; x_wconf 89' lang='lat' dir='ltr'><strong>sequerer,</strong></span> <span class='ocrx_word' id='word_1_114' title='bbox 822 2431 1082 2517; x_wconf 83' lang='lat' dir='ltr'><strong>conjux:</strong></span> <span class='ocrx_word' id='word_1_115' title='bbox 1125 2445 1188 2496; x_wconf 91' lang='lat' dir='ltr'><strong>et</strong></span> <span class='ocrx_word' id='word_1_116' title='bbox 1212 2452 1316 2495; x_wconf 86' lang='lat' dir='ltr'><strong>me</strong></span> <span class='ocrx_word' id='word_1_117' title='bbox 1347 2452 1588 2517; x_wconf 87' lang='lat' dir='ltr'><strong>quoque</strong></span> <span class='ocrx_word' id='word_1_118' title='bbox 1614 2448 1836 2517; x_wconf 81' lang='lat' dir='ltr'><strong>pontus</strong></span> <span class='ocrx_word' id='word_1_119' title='bbox 1857 2434 2127 2501; x_wconf 82' lang='lat' dir='ltr'><strong>haberet.</strong></span> <span class='ocrx_word' id='word_1_120' title='bbox 2225 2441 2232 2444; x_wconf 79' lang='grc'>’</span> 
     </span>
     <span class='ocr_line' id='line_1_19' title="bbox 364 2538 1808 2624; baseline -0.001 -22"><span class='ocrx_word' id='word_1_121' title='bbox 364 2538 426 2602; x_wconf 89' lang='grc' dir='ltr'><strong>Ο</strong></span> <span class='ocrx_word' id='word_1_122' title='bbox 455 2540 673 2603; x_wconf 88' lang='lat' dir='ltr'><strong>utinam</strong></span> <span class='ocrx_word' id='word_1_123' title='bbox 703 2538 926 2624; x_wconf 87' lang='lat' dir='ltr'><strong>possim</strong></span> <span class='ocrx_word' id='word_1_124' title='bbox 953 2538 1208 2620; x_wconf 86' lang='lat' dir='ltr'><strong>populos</strong></span> <span class='ocrx_word' id='word_1_125' title='bbox 1235 2557 1518 2618; x_wconf 78' lang='lat' dir='ltr'><strong>reparare</strong></span> <span class='ocrx_word' id='word_1_126' title='bbox 1546 2540 1808 2619; x_wconf 87' lang='lat' dir='ltr'><strong>paternis</strong></span> 
     </span>
     <span class='ocr_line' id='line_1_20' title="bbox 361 2629 1988 2728; baseline -0.001 -20"><span class='ocrx_word' id='word_1_127' title='bbox 361 2643 637 2724; x_wconf 83' lang='lat' dir='ltr'><strong>Artibus3</strong></span> <span class='ocrx_word' id='word_1_128' title='bbox 682 2658 862 2728; x_wconf 88' lang='lat' dir='ltr'><strong>atque</strong></span> <span class='ocrx_word' id='word_1_129' title='bbox 893 2642 1118 2705; x_wconf 84' lang='lat' dir='ltr'><strong>animas</strong></span> <span class='ocrx_word' id='word_1_130' title='bbox 1146 2637 1411 2703; x_wconf 83' lang='lat' dir='ltr'><strong>sormatae</strong></span> <span class='ocrx_word' id='word_1_131' title='bbox 1440 2629 1949 2707; x_wconf 54' lang='lat' dir='ltr'><strong>infundet-eterra&amp;</strong></span> <span class='ocrx_word' id='word_1_132' title='bbox 1974 2645 1988 2706; x_wconf 75' lang='grc' dir='ltr'><strong>Ξ</strong></span> 
     </span>
     <span class='ocr_line' id='line_1_21' title="bbox 361 2747 2324 2836; baseline 0.001 -20"><span class='ocrx_word' id='word_1_133' title='bbox 361 2750 545 2816; x_wconf 91' lang='lat' dir='ltr'><strong>Nunc</strong></span> <span class='ocrx_word' id='word_1_134' title='bbox 572 2773 759 2836; x_wconf 85' lang='lat' dir='ltr'><strong>genus</strong></span> <span class='ocrx_word' id='word_1_135' title='bbox 787 2750 847 2813; x_wconf 89' lang='lat' dir='ltr'><strong>in</strong></span> <span class='ocrx_word' id='word_1_136' title='bbox 874 2748 1046 2813; x_wconf 82' lang='lat' dir='ltr'><strong>nobis</strong></span> <span class='ocrx_word' id='word_1_137' title='bbox 1071 2759 1254 2811; x_wconf 83' lang='lat' dir='ltr'><strong>restat</strong></span> <span class='ocrx_word' id='word_1_138' title='bbox 1280 2747 1529 2811; x_wconf 81' lang='lat' dir='ltr'><strong>mortale</strong></span> <span class='ocrx_word' id='word_1_139' title='bbox 1559 2747 1811 2827; x_wconf 84' lang='lat' dir='ltr'><strong>duobus,</strong></span> <span class='ocrx_word' id='word_1_140' title='bbox 2195 2757 2324 2821; x_wconf 81' lang='lat'><strong>365</strong></span> 
     </span>
     <span class='ocr_line' id='line_1_22' title="bbox 361 2856 2149 2944; baseline 0.001 -21"><span class='ocrx_word' id='word_1_141' title='bbox 361 2859 498 2943; x_wconf 89' lang='lat' dir='ltr'><strong>(Sic</strong></span> <span class='ocrx_word' id='word_1_142' title='bbox 525 2860 714 2923; x_wconf 87' lang='lat' dir='ltr'><strong>visum</strong></span> <span class='ocrx_word' id='word_1_143' title='bbox 744 2856 1009 2943; x_wconf 82' lang='lat' dir='ltr'><strong>superis)</strong></span> <span class='ocrx_word' id='word_1_144' title='bbox 1029 2858 1456 2942; x_wconf 88' lang='lat' dir='ltr'><strong>hominumque</strong></span> <span class='ocrx_word' id='word_1_145' title='bbox 1486 2858 1767 2944; x_wconf 86' lang='lat' dir='ltr'><strong>exempla</strong></span> <span class='ocrx_word' id='word_1_146' title='bbox 1792 2862 2149 2927; x_wconf 87' lang='lat' dir='ltr'><strong>manemus.’</strong></span> 
     </span>
     <span class='ocr_line' id='line_1_23' title="bbox 445 2949 2216 3052; baseline 0.002 -22"><span class='ocrx_word' id='word_1_147' title='bbox 445 2966 723 3043; x_wconf 84' lang='lat' dir='ltr'><strong>Dixerat,</strong></span> <span class='ocrx_word' id='word_1_148' title='bbox 753 2981 815 3030; x_wconf 90' lang='lat' dir='ltr'><strong>et</strong></span> <span class='ocrx_word' id='word_1_149' title='bbox 842 2965 1085 3029; x_wconf 89' lang='lat' dir='ltr'><strong>flebant.</strong></span> <span class='ocrx_word' id='word_1_150' title='bbox 1173 2960 1413 3029; x_wconf 87' lang='lat' dir='ltr'><strong>Placuit</strong></span> <span class='ocrx_word' id='word_1_151' title='bbox 1440 2965 1686 3030; x_wconf 84' lang='lat' dir='ltr'><strong>coeleste</strong></span> <span class='ocrx_word' id='word_1_152' title='bbox 1713 2969 1944 3052; x_wconf 83' lang='lat' dir='ltr'><strong>precari</strong></span> <span class='ocrx_word' id='word_1_153' title='bbox 2213 2949 2216 2950; x_wconf 25' lang='lat'><em>⁷</em></span> 
     </span>
     <span class='ocr_line' id='line_1_24' title="bbox 358 3071 1915 3156; baseline 0.001 -21"><span class='ocrx_word' id='word_1_154' title='bbox 358 3071 631 3149; x_wconf 85' lang='lat' dir='ltr'><strong>Numen,</strong></span> <span class='ocrx_word' id='word_1_155' title='bbox 647 3084 709 3135; x_wconf 87' lang='lat' dir='ltr'><strong>et</strong></span> <span class='ocrx_word' id='word_1_156' title='bbox 737 3072 1018 3135; x_wconf 85' lang='lat' dir='ltr'><strong>auxilium</strong></span> <span class='ocrx_word' id='word_1_157' title='bbox 1046 3093 1156 3156; x_wconf 87' lang='lat' dir='ltr'><strong>per</strong></span> <span class='ocrx_word' id='word_1_158' title='bbox 1182 3087 1384 3136; x_wconf 79' lang='lat' dir='ltr'><strong>sacras</strong></span> <span class='ocrx_word' id='word_1_159' title='bbox 1414 3091 1678 3156; x_wconf 82' lang='lat' dir='ltr'><strong>quaerere</strong></span> <span class='ocrx_word' id='word_1_160' title='bbox 1708 3087 1915 3140; x_wconf 82' lang='lat' dir='ltr'><strong>sortes.</strong></span> 
     </span>
     <span class='ocr_line' id='line_1_25' title="bbox 356 3174 2031 3263; baseline 0.001 -19"><span class='ocrx_word' id='word_1_161' title='bbox 356 3177 547 3244; x_wconf 87' lang='lat' dir='ltr'><strong>Nulla</strong></span> <span class='ocrx_word' id='word_1_162' title='bbox 572 3200 740 3242; x_wconf 91' lang='lat' dir='ltr'><strong>mora</strong></span> <span class='ocrx_word' id='word_1_163' title='bbox 769 3192 896 3257; x_wconf 84' lang='lat' dir='ltr'><strong>est3</strong></span> <span class='ocrx_word' id='word_1_164' title='bbox 941 3177 1161 3241; x_wconf 85' lang='lat' dir='ltr'><strong>adeunt</strong></span> <span class='ocrx_word' id='word_1_165' title='bbox 1188 3178 1405 3263; x_wconf 86' lang='lat' dir='ltr'><strong>pariter</strong></span> <span class='ocrx_word' id='word_1_166' title='bbox 1433 3174 1794 3263; x_wconf 74' lang='lat' dir='ltr'><strong>Cephisidas</strong></span> <span class='ocrx_word' id='word_1_167' title='bbox 1811 3179 2031 3261; x_wconf 76' lang='lat' dir='ltr'><strong>undas,</strong></span> 
     </span>
     <span class='ocr_line' id='line_1_26' title="bbox 358 3282 2320 3371; baseline 0.002 -23"><span class='ocrx_word' id='word_1_168' title='bbox 358 3282 452 3348; x_wconf 92' lang='lat' dir='ltr'><strong>Ut</strong></span> <span class='ocrx_word' id='word_1_169' title='bbox 479 3284 742 3347; x_wconf 91' lang='lat' dir='ltr'><strong>nondum</strong></span> <span class='ocrx_word' id='word_1_170' title='bbox 771 3283 1041 3369; x_wconf 87' lang='lat' dir='ltr'><strong>liquidas,</strong></span> <span class='ocrx_word' id='word_1_171' title='bbox 1073 3284 1157 3347; x_wconf 89' lang='lat' dir='ltr'><strong>sic</strong></span> <span class='ocrx_word' id='word_1_172' title='bbox 1177 3282 1307 3371; x_wconf 86' lang='lat' dir='ltr'><strong>jam</strong></span> <span class='ocrx_word' id='word_1_173' title='bbox 1335 3283 1493 3346; x_wconf 85' lang='lat' dir='ltr'><strong>vada</strong></span> <span class='ocrx_word' id='word_1_174' title='bbox 1520 3296 1660 3347; x_wconf 90' lang='lat' dir='ltr'><strong>nota</strong></span> <span class='ocrx_word' id='word_1_175' title='bbox 1688 3299 1981 3352; x_wconf 84' lang='lat' dir='ltr'><strong>secantes.</strong></span> <span class='ocrx_word' id='word_1_176' title='bbox 2191 3291 2320 3353; x_wconf 81' lang='lat'><strong>370</strong></span> 
     </span>
     <span class='ocr_line' id='line_1_27' title="bbox 354 3390 1517 3475; baseline 0.002 -22"><span class='ocrx_word' id='word_1_177' title='bbox 354 3390 509 3454; x_wconf 90' lang='lat' dir='ltr'><strong>Inde</strong></span> <span class='ocrx_word' id='word_1_178' title='bbox 537 3391 639 3454; x_wconf 93' lang='lat' dir='ltr'><strong>ubi</strong></span> <span class='ocrx_word' id='word_1_179' title='bbox 665 3391 874 3455; x_wconf 88' lang='lat' dir='ltr'><strong>libatos</strong></span> <span class='ocrx_word' id='word_1_180' title='bbox 902 3391 1227 3454; x_wconf 71' lang='lat' dir='ltr'><strong>irroravere</strong></span> <span class='ocrx_word' id='word_1_181' title='bbox 1256 3391 1517 3475; x_wconf 84' lang='lat' dir='ltr'><strong>liquores</strong></span> 
     </span>
     <span class='ocr_line' id='line_1_28' title="bbox 356 3492 1782 3580; baseline 0.004 -21"><span class='ocrx_word' id='word_1_182' title='bbox 356 3494 643 3561; x_wconf 88' lang='lat' dir='ltr'><strong>Vestibus</strong></span> <span class='ocrx_word' id='word_1_183' title='bbox 674 3511 733 3560; x_wconf 91' lang='lat' dir='ltr'><strong>et</strong></span> <span class='ocrx_word' id='word_1_184' title='bbox 761 3498 978 3580; x_wconf 83' lang='lat' dir='ltr'><strong>capiti3</strong></span> <span class='ocrx_word' id='word_1_185' title='bbox 1021 3496 1268 3561; x_wconf 89' lang='lat' dir='ltr'><strong>flectunt</strong></span> <span class='ocrx_word' id='word_1_186' title='bbox 1293 3492 1539 3579; x_wconf 85' lang='lat' dir='ltr'><strong>vestigia</strong></span> <span class='ocrx_word' id='word_1_187' title='bbox 1568 3511 1782 3564; x_wconf 77' lang='lat' dir='ltr'><strong>sanctae</strong></span> 
     </span>
     <span class='ocr_line' id='line_1_29' title="bbox 353 3598 1669 3687; baseline -0.001 -21"><span class='ocrx_word' id='word_1_188' title='bbox 353 3601 461 3666; x_wconf 81' lang='lat' dir='ltr'><strong>Ad</strong></span> <span class='ocrx_word' id='word_1_189' title='bbox 493 3601 741 3666; x_wconf 89' lang='lat' dir='ltr'><strong>delubra</strong></span> <span class='ocrx_word' id='word_1_190' title='bbox 770 3601 936 3664; x_wconf 73' lang='lat' dir='ltr'><strong>deaez</strong></span> <span class='ocrx_word' id='word_1_191' title='bbox 983 3622 1234 3686; x_wconf 90' lang='lat' dir='ltr'><strong>quorum</strong></span> <span class='ocrx_word' id='word_1_192' title='bbox 1262 3598 1490 3683; x_wconf 84' lang='lat' dir='ltr'><strong>fastigia</strong></span> <span class='ocrx_word' id='word_1_193' title='bbox 1516 3604 1669 3687; x_wconf 90' lang='lat' dir='ltr'><strong>turpi</strong></span> 
     </span>
    </p>
   </div>
   <div class='ocr_carea' id='block_1_5' title="bbox 354 3683 1963 3872">
    <p class='ocr_par' dir='ltr' id='par_1_5' title="bbox 354 3683 1963 3872">
     <span class='ocr_line' id='line_1_30' title="bbox 354 3683 1963 3793; baseline -0.001 -21"><span class='ocrx_word' id='word_1_194' title='bbox 354 3706 729 3793; x_wconf 82' lang='lat' dir='ltr'><strong>Squalebant</strong></span> <span class='ocrx_word' id='word_1_195' title='bbox 755 3729 1011 3787; x_wconf 85' lang='lat' dir='ltr'><strong>musc03</strong></span> <span class='ocrx_word' id='word_1_196' title='bbox 1056 3707 1405 3791; x_wconf 83' lang='lat' dir='ltr'><strong>stabantque</strong></span> <span class='ocrx_word' id='word_1_197' title='bbox 1436 3707 1560 3771; x_wconf 87' lang='lat' dir='ltr'><strong>sine</strong></span> <span class='ocrx_word' id='word_1_198' title='bbox 1592 3683 1819 3791; x_wconf 87' lang='lat' dir='ltr'><strong>ignibus</strong></span> <span class='ocrx_word' id='word_1_199' title='bbox 1849 3729 1963 3771; x_wconf 83' lang='lat' dir='ltr'><strong>arae</strong></span> 
     </span>
     <span class='ocr_line' id='line_1_31' title="bbox 876 3815 1622 3872; baseline 0 -42"><span class='ocrx_word' id='word_1_200' title='bbox 876 3815 919 3872; x_wconf 68' lang='lat'><strong>2</strong></span> <span class='ocrx_word' id='word_1_201' title='bbox 1619 3827 1622 3830; x_wconf 87' lang='lat'><strong>.</strong></span> 
     </span>
    </p>
   </div>
  </div>
 </body>
</html>
