2622 4207
398 249 516 308 168
1149 227 1555 287 HEROIDES.

390 397 476 462 Ut
502 398 673 462 rediit
702 396 949 469 animus,
978 390 1202 476 pariter,
1219 386 1451 450 rediere
1483 384 1714 446 dolores
1738 402 1758 458 3

479 503 737 566 Pectora
766 499 1056 583 legitimus
1084 508 1246 558 casta
1291 488 1607 553 momordit
1636 505 1821 547 amor.

389 610 531 674 Nec
560 608 700 670 mihi
731 604 1050 690 pectendos
1079 621 1220 663 cura
1251 611 1340 660 est
1368 595 1638 679 praebere
1669 585 1909 673 capillos
1934 608 1950 646 ε

481 715 618 778 Nec
647 713 787 774 libet
815 707 1016 772 aurata
1044 726 1293 788 corpora
1322 716 1484 764 veste
1512 697 1651 781 tegi.

393 818 479 883 Ut
507 840 651 901 quas
680 811 996 899 pampinea
1021 811 1276 892 tetigisse
1308 805 1656 886 Bicorniger
1683 797 1854 863 hasta
1956 840 1959 849 ·

479 922 804 998 Creditur3
834 920 951 980 huc
981 917 1137 991 illuc,
1169 913 1287 996 quo
1311 911 1468 974 furor
1498 909 1634 991 egit,
1665 929 1759 969 eo.

393 1027 768 1092 Conveniunt
796 1038 1014 1085 matres
1042 1019 1412 1102 Phylleides,
1443 1029 1502 1078 et
1535 1014 1675 1075 mihi
1718 1011 1994 1085 clamant,

480 1141 497 1170 ‘
518 1132 706 1196 Indue
736 1129 987 1212 regaleS,
1019 1124 1371 1198 Laodamia,
1403 1119 1606 1184 sinus.’

395 1239 639 1304 Scilicet
667 1237 791 1319 ipsa
821 1254 1023 1316 geram
1053 1243 1336 1293 saturatas
1366 1226 1587 1288 murice
1610 1236 1807 1286 vestes
1833 1243 1848 1282 ε

481 1343 654 1405 Bella
684 1343 791 1403 sub
821 1338 1012 1400 Iliacis
1041 1335 1334 1397 moenibus
1363 1332 1458 1392 ille
1488 1327 1700 1412 gerat?

391 1449 528 1532 Ipsa
559 1466 763 1507 comas
792 1455 993 1526 pectar
1019 1463 1035 1500 ι
1065 1437 1237 1521 galea
1266 1450 1444 1518 caput
1474 1435 1568 1495 ille
1598 1445 1897 1516 prematur
1921 1429 1948 1493 ?

478 1553 616 1634 Ipsa
644 1570 825 1612 novas
852 1559 1086 1609 vestes:
1118 1543 1265 1604 dura
1292 1541 1379 1602 vir
1411 1561 1573 1601 arma
1603 1537 1794 1600 ferat?

393 1656 539 1732 Qua
568 1675 826 1739 possum,
857 1650 1124 1734 squalore
1153 1662 1285 1710 tuos
1315 1646 1533 1708 imitata
1563 1644 1793 1706 labores

481 1761 668 1825 Dicar
693 1782 709 1820 ε
739 1772 799 1821 et
825 1759 954 1820 haec
983 1755 1118 1818 belli
1146 1769 1416 1836 tempora
1445 1751 1614 1813 tristis
1645 1770 1837 1832 agam.

395 1867 545 1931 Dux
574 1865 715 1928 Pari
746 1861 1068 1937 Priamide,
1100 1861 1316 1922 damno
1346 1857 1600 1920 formose
1628 1871 1884 1929 tuorum,

480 1971 643 2033 Tam
673 1970 751 2032 sis
780 1968 960 2030 hostis
987 1966 1161 2038 inerS,
1183 1965 1369 2047 -quam
1404 1964 1591 2024 malus
1622 1962 1835 2043 hospes
1864 1978 2015 2020 eras.

394 2077 519 2141 Aut
545 2090 603 2138 te
631 2072 934 2135 Taenariae
969 2067 1178 2131 faciem
1210 2067 1480 2149 culpasse
1512 2066 1759 2141 maritae,

483 2182 607 2244 Aut
633 2178 711 2239 illi
741 2177 955 2239 vellem
987 2172 1350 2255 displicuisse
1379 2185 1564 2232 tuam.

395 2282 519 2358 Tu,
549 2281 646 2365 qui
677 2303 784 2365 pro
812 2276 982 2363 rapta
1009 2276 1273 2365 nimium,
1305 2274 1606 2348 Menelae,
1638 2274 1889 2347 laboras,

483 2385 604 2449 Hei
635 2386 797 2462 mihi,
828 2385 1004 2468 quam
1034 2381 1229 2444 multis
1257 2379 1466 2442 flebilis
1494 2378 1642 2439 ultor
1672 2377 1786 2439 eris
1813 2377 1828 2437 l

395 2492 501 2571 Di,
530 2512 760 2577 precor,
791 2513 827 2553 a
854 2490 1020 2553 nobis
1047 2509 1223 2551 omen
1252 2498 1552 2549 removete
1583 2484 1871 2545 sinistrum
1898 2503 1913 2542 ε

484 2597 568 2662 Et
597 2619 704 2662 sua
733 2597 835 2659 det
860 2594 1064 2659 reduci
1092 2593 1180 2656 vir
1208 2613 1377 2655 meus
1408 2612 1567 2653 arma
1596 2588 1750 2650 Jovi.

401 2705 528 2768 Sed
556 2704 736 2766 timeo
762 2723 778 2763 t
809 2700 1153 2784 quotiesque
1179 2698 1337 2761 subit
1364 2694 1692 2759 miserabile
1712 2692 1952 2766 bellum,

486 2807 660 2871 More
692 2805 853 2879 nivis,
882 2805 1178 2884 lacrymae,
1208 2800 1333 2863 sole
1371 2798 1680 2873 madentis,
1711 2811 1869 2859 eunt.

397 2913 545 2976 Ilion
575 2924 635 2971 et
658 2907 964 2979 Tenedos,
1000 2897 1357 2985 Simoisque,
1391 2915 1451 2964 et
1479 2900 1772 2977 XanthuS,
1804 2914 1864 2963 et
1890 2899 2018 2976 Ide,

486 3012 746 3077 Nomina
774 3022 905 3074 sunt
931 3008 1059 3090 ipso
1090 3006 1241 3089 pene
1270 3006 1533 3069 timenda
1576 3027 1739 3068 sono.

400 3119 537 3184 Nec
569 3136 778 3200 rapere
808 3134 1072 3187 ausurus,
1102 3110 1209 3173 nisi
1238 3133 1302 3173 se
1334 3109 1655 3174 defendere
1699 3122 1912 3193 posset,

489 3221 729 3305 Hospes
759 3232 884 3281 erat
910 3240 925 3278 ε
969 3218 1121 3278 vires
1148 3230 1389 3278 noverat
1418 3216 1512 3277 ille
1543 3238 1697 3278 suas·

398 3325 664 3390 Venerat
704 3323 796 3407 (ut
824 3322 985 3386 fama
1007 3319 1123 3405 est)
1151 3321 1333 3382 multo
1361 3319 1690 3402 spectabilis
1722 3340 1884 3394 aum,

489 3428 730 3513 Quique
761 3450 868 3491 suo
897 3425 1191 3508 Phrygias
1220 3444 1470 3507 corpore
1500 3422 1678 3485 ferret
1703 3444 1868 3505 opes.

402 3535 613 3601 Classe
642 3533 891 3615 virisque
922 3543 1150 3614 potenS,
1181 3551 1287 3611 per
1318 3548 1444 3609 quae
1476 3526 1600 3589 fera
1631 3527 1781 3588 bella
1810 3540 2085 3610 geruntur
2110 3549 2128 3589 z

486 3639 572 3703 Et
597 3636 853 3723 sequitur
879 3634 1044 3718 regni
1071 3653 1207 3717 pars
1235 3646 1644 3716 quotacunque
1687 3632 1796 3692 sui.

2258 481 2337 539 30

2255 1007 2334 1065 35

2255 1536 2335 1593 40

2257 2062 2333 2162 4βὸ

2261 2587 2338 2644 50

2261 3112 2337 3170 55

2260 3634 2340 3693 60
