<?xml version="1.0" encoding="UTF-8"?>
<!DOCTYPE html PUBLIC "-//W3C//DTD XHTML 1.0 Transitional//EN"
    "http://www.w3.org/TR/xhtml1/DTD/xhtml1-transitional.dtd">
<html xmlns="http://www.w3.org/1999/xhtml" xml:lang="en" lang="en">
 <head>
  <title>
</title>
<meta http-equiv="Content-Type" content="text/html;charset=utf-8" />
  <meta name='ocr-system' content='tesseract 3.04.00' />
  <meta name='ocr-capabilities' content='ocr_page ocr_carea ocr_par ocr_line ocrx_word'/>
</head>
<body>
  <div class='ocr_page' id='page_1' title='image "./excerptaexscrip02goulgoog_0196.png"; bbox 0 0 2622 4207; ppageno 0'>
   <div class='ocr_carea' id='block_1_1' title="bbox 389 261 1514 337">
    <p class='ocr_par' dir='ltr' id='par_1_1' title="bbox 389 261 1514 337">
     <span class='ocr_line' id='line_1_1' title="bbox 389 261 1514 337; baseline -0.006 -16"><span class='ocrx_word' id='word_1_1' title='bbox 389 264 508 323; x_wconf 78' lang='lat'><strong>182</strong></span> <span class='ocrx_word' id='word_1_2' title='bbox 755 334 766 337; x_wconf 17' lang='grc' dir='ltr'>ι</span> <span class='ocrx_word' id='word_1_3' title='bbox 1183 261 1514 315; x_wconf 78' lang='lat' dir='ltr'>TRISTIA.</span> 
     </span>
    </p>
   </div>
   <div class='ocr_carea' id='block_1_2' title="bbox 351 413 2327 3760">
    <p class='ocr_par' dir='ltr' id='par_1_2' title="bbox 351 413 2327 3760">
     <span class='ocr_line' id='line_1_2' title="bbox 381 413 1891 500; baseline 0.002 -24"><span class='ocrx_word' id='word_1_4' title='bbox 381 413 708 479; x_wconf 81' lang='lat' dir='ltr'><strong>Successor</strong></span> <span class='ocrx_word' id='word_1_5' title='bbox 736 415 843 480; x_wconf 89' lang='lat' dir='ltr'><strong>suit</strong></span> <span class='ocrx_word' id='word_1_6' title='bbox 869 417 965 482; x_wconf 91' lang='lat' dir='ltr'><strong>hic</strong></span> <span class='ocrx_word' id='word_1_7' title='bbox 993 418 1115 494; x_wconf 91' lang='lat' dir='ltr'><strong>tibi,</strong></span> <span class='ocrx_word' id='word_1_8' title='bbox 1136 416 1363 496; x_wconf 67' lang='lat' dir='ltr'><strong>&#39;Galle3</strong></span> <span class='ocrx_word' id='word_1_9' title='bbox 1408 416 1749 500; x_wconf 83' lang='lat' dir='ltr'><strong>Propertius</strong></span> <span class='ocrx_word' id='word_1_10' title='bbox 1793 417 1891 479; x_wconf 89' lang='lat' dir='ltr'><strong>illi.</strong></span> 
     </span>
     <span class='ocr_line' id='line_1_3' title="bbox 464 519 1724 605; baseline 0.001 -23"><span class='ocrx_word' id='word_1_11' title='bbox 464 519 728 594; x_wconf 82' lang='lat' dir='ltr'><strong>Quartus</strong></span> <span class='ocrx_word' id='word_1_12' title='bbox 759 524 831 585; x_wconf 87' lang='lat' dir='ltr'><strong>ab</strong></span> <span class='ocrx_word' id='word_1_13' title='bbox 860 524 950 586; x_wconf 92' lang='lat' dir='ltr'><strong>his</strong></span> <span class='ocrx_word' id='word_1_14' title='bbox 979 524 1127 586; x_wconf 89' lang='lat' dir='ltr'><strong>serie</strong></span> <span class='ocrx_word' id='word_1_15' title='bbox 1157 524 1437 605; x_wconf 90' lang='lat' dir='ltr'><strong>temporis</strong></span> <span class='ocrx_word' id='word_1_16' title='bbox 1466 524 1592 605; x_wconf 90' lang='lat' dir='ltr'><strong>ipse</strong></span> <span class='ocrx_word' id='word_1_17' title='bbox 1622 523 1724 586; x_wconf 90' lang='lat' dir='ltr'><strong>sui.</strong></span> 
     </span>
     <span class='ocr_line' id='line_1_4' title="bbox 377 622 2327 711; baseline 0.002 -24"><span class='ocrx_word' id='word_1_18' title='bbox 377 622 580 710; x_wconf 89' lang='lat' dir='ltr'><strong>thue</strong></span> <span class='ocrx_word' id='word_1_19' title='bbox 612 649 725 710; x_wconf 88' lang='lat' dir='ltr'><strong>ego</strong></span> <span class='ocrx_word' id='word_1_20' title='bbox 754 628 1023 711; x_wconf 82' lang='lat' dir='ltr'><strong>majoreS,</strong></span> <span class='ocrx_word' id='word_1_21' title='bbox 1056 628 1140 690; x_wconf 89' lang='lat' dir='ltr'><strong>sic</strong></span> <span class='ocrx_word' id='word_1_22' title='bbox 1169 649 1269 689; x_wconf 89' lang='lat' dir='ltr'><strong>me</strong></span> <span class='ocrx_word' id='word_1_23' title='bbox 1299 628 1539 689; x_wconf 67' lang='lat' dir='ltr'><strong>coluere</strong></span> <span class='ocrx_word' id='word_1_24' title='bbox 1569 629 1829 691; x_wconf 88' lang='lat' dir='ltr'><strong>minores</strong></span> <span class='ocrx_word' id='word_1_25' title='bbox 1848 651 1867 690; x_wconf 72' lang='grc' dir='ltr'><strong><em>ε</em></strong></span> <span class='ocrx_word' id='word_1_26' title='bbox 2245 635 2327 692; x_wconf 79' lang='grc'><strong>55</strong></span> 
     </span>
     <span class='ocr_line' id='line_1_5' title="bbox 463 731 1816 816; baseline -0.002 -20"><span class='ocrx_word' id='word_1_27' title='bbox 463 732 739 816; x_wconf 89' lang='lat' dir='ltr'><strong>Notaque</strong></span> <span class='ocrx_word' id='word_1_28' title='bbox 768 755 884 795; x_wconf 90' lang='lat' dir='ltr'><strong>non</strong></span> <span class='ocrx_word' id='word_1_29' title='bbox 914 733 1079 795; x_wconf 73' lang='lat' dir='ltr'><strong>tarde</strong></span> <span class='ocrx_word' id='word_1_30' title='bbox 1111 731 1266 795; x_wconf 89' lang='lat' dir='ltr'><strong>sacta</strong></span> <span class='ocrx_word' id='word_1_31' title='bbox 1295 731 1513 796; x_wconf 84' lang='lat' dir='ltr'><strong>Thalia</strong></span> <span class='ocrx_word' id='word_1_32' title='bbox 1540 754 1678 795; x_wconf 90' lang='lat' dir='ltr'><strong>mea</strong></span> <span class='ocrx_word' id='word_1_33' title='bbox 1706 747 1816 796; x_wconf 90' lang='lat' dir='ltr'><strong>est.</strong></span> 
     </span>
     <span class='ocr_line' id='line_1_6' title="bbox 377 836 1851 922; baseline 0 -22"><span class='ocrx_word' id='word_1_34' title='bbox 377 836 661 900; x_wconf 86' lang='lat' dir='ltr'>Carmina</span> <span class='ocrx_word' id='word_1_35' title='bbox 688 838 826 899; x_wconf 77' lang='lat' dir='ltr'><strong>cum</strong></span> <span class='ocrx_word' id='word_1_36' title='bbox 855 837 1111 921; x_wconf 76' lang='lat' dir='ltr'><strong>primum</strong></span> <span class='ocrx_word' id='word_1_37' title='bbox 1141 839 1361 921; x_wconf 93' lang='lat' dir='ltr'><strong>populo</strong></span> <span class='ocrx_word' id='word_1_38' title='bbox 1381 838 1664 922; x_wconf 88' lang='lat' dir='ltr'><strong>juvenilia</strong></span> <span class='ocrx_word' id='word_1_39' title='bbox 1690 839 1807 921; x_wconf 83' lang='lat' dir='ltr'><strong>legi</strong></span> <span class='ocrx_word' id='word_1_40' title='bbox 1831 860 1851 916; x_wconf 88' lang='lat'>;</span> 
     </span>
     <span class='ocr_line' id='line_1_7' title="bbox 459 942 1729 1007; baseline -0.002 -1"><span class='ocrx_word' id='word_1_41' title='bbox 459 942 660 1007; x_wconf 81' lang='lat' dir='ltr'>Barba</span> <span class='ocrx_word' id='word_1_42' title='bbox 688 957 920 1007; x_wconf 89' lang='lat' dir='ltr'><strong>resecta</strong></span> <span class='ocrx_word' id='word_1_43' title='bbox 951 945 1090 1006; x_wconf 90' lang='lat' dir='ltr'><strong>mihi</strong></span> <span class='ocrx_word' id='word_1_44' title='bbox 1119 944 1281 1007; x_wconf 80' lang='lat' dir='ltr'><strong>bisve</strong></span> <span class='ocrx_word' id='word_1_45' title='bbox 1314 946 1572 1007; x_wconf 87' lang='lat' dir='ltr'><strong>semelve</strong></span> <span class='ocrx_word' id='word_1_46' title='bbox 1604 943 1729 1007; x_wconf 88' lang='lat' dir='ltr'><strong>suit.</strong></span> 
     </span>
     <span class='ocr_line' id='line_1_8' title="bbox 374 1048 1892 1133; baseline 0.001 -22"><span class='ocrx_word' id='word_1_47' title='bbox 374 1048 650 1113; x_wconf 86' lang='lat' dir='ltr'><strong>Moverat</strong></span> <span class='ocrx_word' id='word_1_48' title='bbox 676 1050 993 1133; x_wconf 87' lang='lat' dir='ltr'><strong>ingenium,</strong></span> <span class='ocrx_word' id='word_1_49' title='bbox 1022 1063 1206 1112; x_wconf 88' lang='lat' dir='ltr'><strong>totam</strong></span> <span class='ocrx_word' id='word_1_50' title='bbox 1234 1063 1467 1122; x_wconf 80' lang='lat' dir='ltr'><strong>cantata</strong></span> <span class='ocrx_word' id='word_1_51' title='bbox 1504 1069 1613 1132; x_wconf 90' lang='lat' dir='ltr'><strong>per</strong></span> <span class='ocrx_word' id='word_1_52' title='bbox 1640 1048 1892 1124; x_wconf 90' lang='lat' dir='ltr'><strong>Urbem,</strong></span> 
     </span>
     <span class='ocr_line' id='line_1_9' title="bbox 456 1153 2317 1219; baseline -0.002 0"><span class='ocrx_word' id='word_1_53' title='bbox 456 1156 716 1219; x_wconf 89' lang='lat' dir='ltr'><strong>Nomine</strong></span> <span class='ocrx_word' id='word_1_54' title='bbox 747 1177 862 1218; x_wconf 89' lang='lat' dir='ltr'><strong>non</strong></span> <span class='ocrx_word' id='word_1_55' title='bbox 892 1177 1034 1218; x_wconf 91' lang='lat' dir='ltr'><strong>vero</strong></span> <span class='ocrx_word' id='word_1_56' title='bbox 1066 1156 1226 1219; x_wconf 90' lang='lat' dir='ltr'><strong>dicta</strong></span> <span class='ocrx_word' id='word_1_57' title='bbox 1255 1153 1522 1219; x_wconf 82' lang='lat' dir='ltr'><strong>Corinna</strong></span> <span class='ocrx_word' id='word_1_58' title='bbox 1552 1154 1718 1216; x_wconf 90' lang='lat' dir='ltr'><strong>mihi.</strong></span> <span class='ocrx_word' id='word_1_59' title='bbox 2239 1158 2317 1216; x_wconf 87' lang='grc'><strong>60</strong></span> 
     </span>
     <span class='ocr_line' id='line_1_10' title="bbox 376 1259 1912 1345; baseline -0.003 -21"><span class='ocrx_word' id='word_1_60' title='bbox 376 1261 569 1324; x_wconf 90' lang='lat' dir='ltr'><strong>Multa</strong></span> <span class='ocrx_word' id='word_1_61' title='bbox 599 1263 838 1345; x_wconf 89' lang='lat' dir='ltr'><strong>quidem</strong></span> <span class='ocrx_word' id='word_1_62' title='bbox 868 1263 1070 1344; x_wconf 85' lang='lat' dir='ltr'><strong>scripsi</strong></span> <span class='ocrx_word' id='word_1_63' title='bbox 1098 1284 1114 1322; x_wconf 77' lang='lat' dir='ltr'><strong><em>z</em></strong></span> <span class='ocrx_word' id='word_1_64' title='bbox 1160 1261 1265 1322; x_wconf 90' lang='lat' dir='ltr'><strong>sed</strong></span> <span class='ocrx_word' id='word_1_65' title='bbox 1296 1283 1426 1343; x_wconf 86' lang='lat' dir='ltr'><strong>quae</strong></span> <span class='ocrx_word' id='word_1_66' title='bbox 1457 1260 1662 1323; x_wconf 89' lang='lat' dir='ltr'><strong>vitiosa</strong></span> <span class='ocrx_word' id='word_1_67' title='bbox 1692 1259 1912 1343; x_wconf 87' lang='lat' dir='ltr'><strong>putavi,</strong></span> 
     </span>
     <span class='ocr_line' id='line_1_11' title="bbox 460 1366 1481 1449; baseline -0.002 -20"><span class='ocrx_word' id='word_1_68' title='bbox 460 1367 879 1429; x_wconf 90' lang='lat' dir='ltr'><strong>Emendaturis</strong></span> <span class='ocrx_word' id='word_1_69' title='bbox 907 1367 1134 1448; x_wconf 86' lang='lat' dir='ltr'><strong>ignibus</strong></span> <span class='ocrx_word' id='word_1_70' title='bbox 1162 1368 1289 1449; x_wconf 90' lang='lat' dir='ltr'><strong>ipse</strong></span> <span class='ocrx_word' id='word_1_71' title='bbox 1321 1366 1481 1428; x_wconf 90' lang='lat' dir='ltr'><strong>dedi.</strong></span> 
     </span>
     <span class='ocr_line' id='line_1_12' title="bbox 374 1470 2231 1556; baseline -0.001 -22"><span class='ocrx_word' id='word_1_72' title='bbox 374 1471 538 1534; x_wconf 88' lang='lat' dir='ltr'><strong>Tum</strong></span> <span class='ocrx_word' id='word_1_73' title='bbox 571 1492 823 1554; x_wconf 88' lang='lat' dir='ltr'><strong>quoque,</strong></span> <span class='ocrx_word' id='word_1_74' title='bbox 856 1470 995 1533; x_wconf 75' lang='lat' dir='ltr'><strong>cum</strong></span> <span class='ocrx_word' id='word_1_75' title='bbox 1025 1470 1314 1554; x_wconf 83' lang='lat' dir='ltr'><strong>sugerem,</strong></span> <span class='ocrx_word' id='word_1_76' title='bbox 1337 1471 1608 1554; x_wconf 87' lang='lat' dir='ltr'><strong>quaedam</strong></span> <span class='ocrx_word' id='word_1_77' title='bbox 1637 1472 1924 1556; x_wconf 89' lang='lat' dir='ltr'><strong>placitura</strong></span> <span class='ocrx_word' id='word_1_78' title='bbox 1950 1471 2231 1547; x_wconf 85' lang='lat' dir='ltr'><strong>cremavi,</strong></span> 
     </span>
     <span class='ocr_line' id='line_1_13' title="bbox 459 1575 1572 1660; baseline -0.002 -22"><span class='ocrx_word' id='word_1_79' title='bbox 459 1575 647 1639; x_wconf 83' lang='lat' dir='ltr'><strong>Iratus</strong></span> <span class='ocrx_word' id='word_1_80' title='bbox 677 1577 869 1639; x_wconf 89' lang='lat' dir='ltr'><strong>studio</strong></span> <span class='ocrx_word' id='word_1_81' title='bbox 899 1577 1372 1660; x_wconf 81' lang='lat' dir='ltr'><strong>carminibusque</strong></span> <span class='ocrx_word' id='word_1_82' title='bbox 1403 1577 1572 1640; x_wconf 87' lang='lat' dir='ltr'><strong>meis.</strong></span> 
     </span>
     <span class='ocr_line' id='line_1_14' title="bbox 372 1680 2310 1767; baseline 0 -22"><span class='ocrx_word' id='word_1_83' title='bbox 372 1680 579 1758; x_wconf 89' lang='lat' dir='ltr'><strong>Molle,</strong></span> <span class='ocrx_word' id='word_1_84' title='bbox 611 1680 959 1766; x_wconf 90' lang='lat' dir='ltr'><strong>Cupidineis</strong></span> <span class='ocrx_word' id='word_1_85' title='bbox 988 1705 1102 1745; x_wconf 89' lang='lat' dir='ltr'><strong>nec</strong></span> <span class='ocrx_word' id='word_1_86' title='bbox 1131 1684 1585 1767; x_wconf 84' lang='lat' dir='ltr'><strong>inexpugnabile</strong></span> <span class='ocrx_word' id='word_1_87' title='bbox 1616 1684 1745 1746; x_wconf 88' lang='lat' dir='ltr'><strong>telis</strong></span> <span class='ocrx_word' id='word_1_88' title='bbox 2232 1687 2310 1746; x_wconf 80' lang='lat'><strong>65</strong></span> 
     </span>
     <span class='ocr_line' id='line_1_15' title="bbox 459 1787 1972 1872; baseline -0.001 -21"><span class='ocrx_word' id='word_1_89' title='bbox 459 1787 586 1851; x_wconf 88' lang='lat' dir='ltr'><strong>Cor</strong></span> <span class='ocrx_word' id='word_1_90' title='bbox 615 1789 776 1865; x_wconf 88' lang='lat' dir='ltr'><strong>mihi,</strong></span> <span class='ocrx_word' id='word_1_91' title='bbox 809 1790 1084 1872; x_wconf 91' lang='lat' dir='ltr'><strong>quodque</strong></span> <span class='ocrx_word' id='word_1_92' title='bbox 1114 1790 1259 1851; x_wconf 89' lang='lat' dir='ltr'><strong>levis</strong></span> <span class='ocrx_word' id='word_1_93' title='bbox 1302 1810 1481 1851; x_wconf 83' lang='lat' dir='ltr'><strong>causa</strong></span> <span class='ocrx_word' id='word_1_94' title='bbox 1513 1803 1796 1865; x_wconf 89' lang='lat' dir='ltr'><strong>moveret,</strong></span> <span class='ocrx_word' id='word_1_95' title='bbox 1828 1803 1972 1851; x_wconf 88' lang='lat' dir='ltr'><strong>erat.</strong></span> 
     </span>
     <span class='ocr_line' id='line_1_16' title="bbox 373 1893 2146 1977; baseline -0.001 -20"><span class='ocrx_word' id='word_1_96' title='bbox 373 1893 533 1957; x_wconf 70' lang='lat' dir='ltr'><strong>Cum</strong></span> <span class='ocrx_word' id='word_1_97' title='bbox 564 1910 762 1958; x_wconf 88' lang='lat' dir='ltr'><strong>tamen</strong></span> <span class='ocrx_word' id='word_1_98' title='bbox 790 1896 906 1958; x_wconf 94' lang='lat' dir='ltr'><strong>hoc</strong></span> <span class='ocrx_word' id='word_1_99' title='bbox 937 1917 1151 1970; x_wconf 90' lang='lat' dir='ltr'><strong>essem,</strong></span> <span class='ocrx_word' id='word_1_100' title='bbox 1184 1895 1543 1977; x_wconf 88' lang='lat' dir='ltr'><strong>minimoque</strong></span> <span class='ocrx_word' id='word_1_101' title='bbox 1574 1895 1939 1957; x_wconf 87' lang='lat' dir='ltr'><strong>accenderer</strong></span> <span class='ocrx_word' id='word_1_102' title='bbox 1983 1894 2100 1977; x_wconf 84' lang='lat' dir='ltr'><strong>igni</strong></span> <span class='ocrx_word' id='word_1_103' title='bbox 2127 1918 2146 1969; x_wconf 73' lang='grc' dir='ltr'><strong>ς</strong></span> 
     </span>
     <span class='ocr_line' id='line_1_17' title="bbox 351 2000 1653 2089; baseline -0.002 -26"><span class='ocrx_word' id='word_1_104' title='bbox 351 2080 356 2087; x_wconf 71' lang='lat'>,</span> <span class='ocrx_word' id='word_1_105' title='bbox 458 2000 719 2065; x_wconf 88' lang='lat' dir='ltr'><strong>Nomine</strong></span> <span class='ocrx_word' id='word_1_106' title='bbox 749 2002 857 2063; x_wconf 91' lang='lat' dir='ltr'><strong>sub</strong></span> <span class='ocrx_word' id='word_1_107' title='bbox 887 2015 1084 2063; x_wconf 84' lang='lat' dir='ltr'><strong>nostro</strong></span> <span class='ocrx_word' id='word_1_108' title='bbox 1113 2000 1497 2089; x_wconf 85' lang='lat' dir='ltr'><strong>fabulanulla</strong></span> <span class='ocrx_word' id='word_1_109' title='bbox 1527 2001 1653 2064; x_wconf 85' lang='lat' dir='ltr'><strong>fuit.</strong></span> 
     </span>
     <span class='ocr_line' id='line_1_18' title="bbox 374 2105 1843 2189; baseline -0.001 -18"><span class='ocrx_word' id='word_1_110' title='bbox 374 2106 542 2171; x_wconf 74' lang='lat' dir='ltr'><strong>Pene</strong></span> <span class='ocrx_word' id='word_1_111' title='bbox 574 2107 715 2169; x_wconf 89' lang='lat' dir='ltr'><strong>mihi</strong></span> <span class='ocrx_word' id='word_1_112' title='bbox 745 2127 931 2189; x_wconf 90' lang='lat' dir='ltr'><strong>puero</strong></span> <span class='ocrx_word' id='word_1_113' title='bbox 959 2126 1073 2166; x_wconf 91' lang='lat' dir='ltr'><strong>nec</strong></span> <span class='ocrx_word' id='word_1_114' title='bbox 1106 2105 1300 2186; x_wconf 86' lang='lat' dir='ltr'><strong>digna,</strong></span> <span class='ocrx_word' id='word_1_115' title='bbox 1333 2126 1446 2167; x_wconf 92' lang='lat' dir='ltr'><strong>nec</strong></span> <span class='ocrx_word' id='word_1_116' title='bbox 1476 2106 1647 2182; x_wconf 90' lang='lat' dir='ltr'><strong>utilis,</strong></span> <span class='ocrx_word' id='word_1_117' title='bbox 1693 2129 1843 2169; x_wconf 84' lang='lat' dir='ltr'><strong>uxor</strong></span> 
     </span>
     <span class='ocr_line' id='line_1_19' title="bbox 459 2210 2312 2294; baseline -0.001 -21"><span class='ocrx_word' id='word_1_118' title='bbox 459 2211 572 2273; x_wconf 89' lang='lat' dir='ltr'><strong>Est</strong></span> <span class='ocrx_word' id='word_1_119' title='bbox 602 2211 735 2271; x_wconf 83' lang='lat' dir='ltr'><strong>data</strong></span> <span class='ocrx_word' id='word_1_120' title='bbox 762 2231 778 2269; x_wconf 75' lang='lat' dir='ltr'>t</span> <span class='ocrx_word' id='word_1_121' title='bbox 824 2229 950 2291; x_wconf 84' lang='lat' dir='ltr'><strong>quae</strong></span> <span class='ocrx_word' id='word_1_122' title='bbox 981 2225 1213 2291; x_wconf 83' lang='lat' dir='ltr'><strong>tempus</strong></span> <span class='ocrx_word' id='word_1_123' title='bbox 1242 2211 1530 2292; x_wconf 89' lang='lat' dir='ltr'><strong>perbreve</strong></span> <span class='ocrx_word' id='word_1_124' title='bbox 1560 2225 1741 2294; x_wconf 88' lang='lat' dir='ltr'><strong>nupta</strong></span> <span class='ocrx_word' id='word_1_125' title='bbox 1771 2210 1896 2273; x_wconf 89' lang='lat' dir='ltr'><strong>suit.</strong></span> <span class='ocrx_word' id='word_1_126' title='bbox 2232 2216 2312 2271; x_wconf 82' lang='lat'><strong>70</strong></span> 
     </span>
     <span class='ocr_line' id='line_1_20' title="bbox 369 2313 1812 2399; baseline -0.003 -19"><span class='ocrx_word' id='word_1_127' title='bbox 369 2317 455 2380; x_wconf 91' lang='lat' dir='ltr'><strong>Illi</strong></span> <span class='ocrx_word' id='word_1_128' title='bbox 486 2314 785 2388; x_wconf 90' lang='lat' dir='ltr'><strong>successit,</strong></span> <span class='ocrx_word' id='word_1_129' title='bbox 817 2314 1080 2395; x_wconf 83' lang='lat' dir='ltr'><strong>quamvis</strong></span> <span class='ocrx_word' id='word_1_130' title='bbox 1108 2313 1233 2375; x_wconf 91' lang='lat' dir='ltr'><strong>sine</strong></span> <span class='ocrx_word' id='word_1_131' title='bbox 1261 2313 1525 2390; x_wconf 88' lang='lat' dir='ltr'><strong>crimine,</strong></span> <span class='ocrx_word' id='word_1_132' title='bbox 1555 2316 1812 2399; x_wconf 82' lang='lat' dir='ltr'><strong>conjux3</strong></span> 
     </span>
     <span class='ocr_line' id='line_1_21' title="bbox 457 2417 1722 2483; baseline -0.002 0"><span class='ocrx_word' id='word_1_133' title='bbox 457 2420 598 2483; x_wconf 90' lang='lat' dir='ltr'><strong>Non</strong></span> <span class='ocrx_word' id='word_1_134' title='bbox 626 2434 826 2481; x_wconf 86' lang='lat' dir='ltr'><strong>tamen</strong></span> <span class='ocrx_word' id='word_1_135' title='bbox 854 2418 911 2480; x_wconf 91' lang='lat' dir='ltr'><strong>in</strong></span> <span class='ocrx_word' id='word_1_136' title='bbox 939 2431 1136 2481; x_wconf 89' lang='lat' dir='ltr'><strong>nostro</strong></span> <span class='ocrx_word' id='word_1_137' title='bbox 1165 2419 1336 2481; x_wconf 89' lang='lat' dir='ltr'><strong>firma</strong></span> <span class='ocrx_word' id='word_1_138' title='bbox 1363 2417 1554 2482; x_wconf 86' lang='lat' dir='ltr'><strong>futura</strong></span> <span class='ocrx_word' id='word_1_139' title='bbox 1574 2435 1722 2482; x_wconf 88' lang='lat' dir='ltr'><strong>toro.</strong></span> 
     </span>
     <span class='ocr_line' id='line_1_22' title="bbox 369 2523 1902 2608; baseline 0 -18"><span class='ocrx_word' id='word_1_140' title='bbox 369 2523 613 2602; x_wconf 87' lang='lat' dir='ltr'><strong>Ultima,</strong></span> <span class='ocrx_word' id='word_1_141' title='bbox 646 2545 773 2608; x_wconf 87' lang='lat' dir='ltr'><strong>quae</strong></span> <span class='ocrx_word' id='word_1_142' title='bbox 802 2546 1041 2586; x_wconf 90' lang='lat' dir='ltr'><strong>mecum</strong></span> <span class='ocrx_word' id='word_1_143' title='bbox 1073 2545 1235 2587; x_wconf 90' lang='lat' dir='ltr'><strong>seros</strong></span> <span class='ocrx_word' id='word_1_144' title='bbox 1262 2526 1583 2608; x_wconf 88' lang='lat' dir='ltr'><strong>permansit</strong></span> <span class='ocrx_word' id='word_1_145' title='bbox 1611 2526 1669 2588; x_wconf 92' lang='lat' dir='ltr'><strong>in</strong></span> <span class='ocrx_word' id='word_1_146' title='bbox 1701 2547 1902 2602; x_wconf 83' lang='lat' dir='ltr'><strong>annOS,</strong></span> 
     </span>
     <span class='ocr_line' id='line_1_23' title="bbox 461 2630 1555 2717; baseline 0 -22"><span class='ocrx_word' id='word_1_147' title='bbox 461 2631 745 2695; x_wconf 88' lang='lat' dir='ltr'><strong>Sustinuit</strong></span> <span class='ocrx_word' id='word_1_148' title='bbox 772 2630 990 2717; x_wconf 85' lang='lat' dir='ltr'><strong>conjux</strong></span> <span class='ocrx_word' id='word_1_149' title='bbox 1019 2632 1239 2695; x_wconf 87' lang='lat' dir='ltr'><strong>exsulis</strong></span> <span class='ocrx_word' id='word_1_150' title='bbox 1268 2653 1401 2696; x_wconf 92' lang='lat' dir='ltr'><strong>esse</strong></span> <span class='ocrx_word' id='word_1_151' title='bbox 1430 2633 1555 2695; x_wconf 90' lang='lat' dir='ltr'><strong>viri.</strong></span> 
     </span>
     <span class='ocr_line' id='line_1_24' title="bbox 376 2736 2307 2821; baseline 0.001 -21"><span class='ocrx_word' id='word_1_152' title='bbox 376 2737 529 2801; x_wconf 87' lang='lat' dir='ltr'><strong>Filia</strong></span> <span class='ocrx_word' id='word_1_153' title='bbox 556 2759 655 2799; x_wconf 91' lang='lat' dir='ltr'><strong>me</strong></span> <span class='ocrx_word' id='word_1_154' title='bbox 685 2758 819 2798; x_wconf 90' lang='lat' dir='ltr'><strong>mea</strong></span> <span class='ocrx_word' id='word_1_155' title='bbox 848 2738 937 2799; x_wconf 90' lang='lat' dir='ltr'><strong>bis</strong></span> <span class='ocrx_word' id='word_1_156' title='bbox 966 2737 1156 2820; x_wconf 70' lang='lat' dir='ltr'><strong>primii</strong></span> <span class='ocrx_word' id='word_1_157' title='bbox 1185 2736 1463 2800; x_wconf 88' lang='lat' dir='ltr'><strong>soecunda</strong></span> <span class='ocrx_word' id='word_1_158' title='bbox 1485 2738 1750 2821; x_wconf 71' lang='lat' dir='ltr'><strong>juventa,</strong></span> <span class='ocrx_word' id='word_1_159' title='bbox 2231 2744 2307 2801; x_wconf 77' lang='lat'><strong>75</strong></span> 
     </span>
     <span class='ocr_line' id='line_1_25' title="bbox 464 2840 1689 2924; baseline 0.001 -21"><span class='ocrx_word' id='word_1_160' title='bbox 464 2842 588 2903; x_wconf 88' lang='lat' dir='ltr'><strong>Sed</strong></span> <span class='ocrx_word' id='word_1_161' title='bbox 617 2862 733 2902; x_wconf 93' lang='lat' dir='ltr'><strong>non</strong></span> <span class='ocrx_word' id='word_1_162' title='bbox 761 2862 838 2901; x_wconf 87' lang='lat' dir='ltr'><strong>ex</strong></span> <span class='ocrx_word' id='word_1_163' title='bbox 869 2863 988 2903; x_wconf 91' lang='lat' dir='ltr'><strong>uno</strong></span> <span class='ocrx_word' id='word_1_164' title='bbox 1017 2841 1289 2924; x_wconf 89' lang='lat' dir='ltr'><strong>conjuge,</strong></span> <span class='ocrx_word' id='word_1_165' title='bbox 1323 2840 1462 2903; x_wconf 92' lang='lat' dir='ltr'><strong>secit</strong></span> <span class='ocrx_word' id='word_1_166' title='bbox 1492 2864 1689 2904; x_wconf 87' lang='lat' dir='ltr'><strong>avum.</strong></span> 
     </span>
     <span class='ocr_line' id='line_1_26' title="bbox 376 2944 1915 3032; baseline 0.002 -24"><span class='ocrx_word' id='word_1_167' title='bbox 376 2944 460 3008; x_wconf 88' lang='lat' dir='ltr'><strong>Et</strong></span> <span class='ocrx_word' id='word_1_168' title='bbox 477 2945 605 3029; x_wconf 84' lang='lat' dir='ltr'><strong>jam</strong></span> <span class='ocrx_word' id='word_1_169' title='bbox 635 2944 961 3026; x_wconf 71' lang='lat' dir='ltr'><strong>complerat</strong></span> <span class='ocrx_word' id='word_1_170' title='bbox 988 2945 1213 3027; x_wconf 87' lang='lat' dir='ltr'><strong>genitor</strong></span> <span class='ocrx_word' id='word_1_171' title='bbox 1244 2967 1350 3007; x_wconf 88' lang='lat' dir='ltr'><strong>sua</strong></span> <span class='ocrx_word' id='word_1_172' title='bbox 1380 2944 1539 3025; x_wconf 84' lang='lat' dir='ltr'><strong>fata3</strong></span> <span class='ocrx_word' id='word_1_173' title='bbox 1581 2969 1915 3032; x_wconf 86' lang='lat' dir='ltr'><strong>novemque</strong></span> 
     </span>
     <span class='ocr_line' id='line_1_27' title="bbox 461 3048 1692 3114; baseline 0.002 -3"><span class='ocrx_word' id='word_1_174' title='bbox 461 3048 794 3111; x_wconf 88' lang='lat' dir='ltr'><strong>Addiderat</strong></span> <span class='ocrx_word' id='word_1_175' title='bbox 820 3048 1011 3112; x_wconf 85' lang='lat' dir='ltr'><strong>lustris</strong></span> <span class='ocrx_word' id='word_1_176' title='bbox 1041 3048 1222 3111; x_wconf 89' lang='lat' dir='ltr'><strong>altera</strong></span> <span class='ocrx_word' id='word_1_177' title='bbox 1249 3048 1428 3112; x_wconf 85' lang='lat' dir='ltr'><strong>lustra</strong></span> <span class='ocrx_word' id='word_1_178' title='bbox 1455 3073 1692 3114; x_wconf 86' lang='lat' dir='ltr'><strong>novem.</strong></span> 
     </span>
     <span class='ocr_line' id='line_1_28' title="bbox 374 3137 1867 3242; baseline 0.003 -24"><span class='ocrx_word' id='word_1_179' title='bbox 374 3153 516 3219; x_wconf 92' lang='lat' dir='ltr'><strong>Non</strong></span> <span class='ocrx_word' id='word_1_180' title='bbox 545 3154 709 3217; x_wconf 82' lang='lat' dir='ltr'><strong>aliter</strong></span> <span class='ocrx_word' id='word_1_181' title='bbox 737 3152 891 3229; x_wconf 89' lang='lat' dir='ltr'><strong>flevi,</strong></span> <span class='ocrx_word' id='word_1_182' title='bbox 924 3154 1098 3238; x_wconf 73' lang='lat' dir='ltr'><strong>quam</strong></span> <span class='ocrx_word' id='word_1_183' title='bbox 1130 3176 1227 3216; x_wconf 90' lang='lat' dir='ltr'><strong>me</strong></span> <span class='ocrx_word' id='word_1_184' title='bbox 1258 3155 1497 3220; x_wconf 86' lang='lat' dir='ltr'><strong>fleturus</strong></span> <span class='ocrx_word' id='word_1_185' title='bbox 1526 3137 1867 3242; x_wconf 74' lang='lat' dir='ltr'><strong>ademptum</strong></span> 
     </span>
     <span class='ocr_line' id='line_1_29' title="bbox 456 3258 2311 3345; baseline 0.002 -23"><span class='ocrx_word' id='word_1_186' title='bbox 456 3258 560 3322; x_wconf 85' lang='lat' dir='ltr'><strong>me</strong></span> <span class='ocrx_word' id='word_1_187' title='bbox 591 3259 715 3323; x_wconf 87' lang='lat' dir='ltr'><strong>fuit.</strong></span> <span class='ocrx_word' id='word_1_188' title='bbox 803 3259 980 3322; x_wconf 87' lang='lat' dir='ltr'><strong>Matri</strong></span> <span class='ocrx_word' id='word_1_189' title='bbox 1009 3261 1277 3344; x_wconf 86' lang='lat' dir='ltr'><strong>proxima</strong></span> <span class='ocrx_word' id='word_1_190' title='bbox 1297 3261 1456 3345; x_wconf 89' lang='lat' dir='ltr'><strong>justa</strong></span> <span class='ocrx_word' id='word_1_191' title='bbox 1484 3263 1606 3323; x_wconf 88' lang='lat' dir='ltr'><strong>tuli.</strong></span> <span class='ocrx_word' id='word_1_192' title='bbox 2231 3270 2311 3328; x_wconf 81' lang='lat'><strong>80</strong></span> 
     </span>
     <span class='ocr_line' id='line_1_30' title="bbox 378 3362 1593 3449; baseline -0.001 -20"><span class='ocrx_word' id='word_1_193' title='bbox 378 3362 617 3429; x_wconf 90' lang='lat' dir='ltr'><strong>Felices</strong></span> <span class='ocrx_word' id='word_1_194' title='bbox 648 3367 843 3442; x_wconf 88' lang='lat' dir='ltr'><strong>ambo,</strong></span> <span class='ocrx_word' id='word_1_195' title='bbox 872 3366 1333 3449; x_wconf 78' lang='lat' dir='ltr'><strong>tempestiveque</strong></span> <span class='ocrx_word' id='word_1_196' title='bbox 1363 3367 1593 3449; x_wconf 90' lang='lat' dir='ltr'><strong>sepulti,</strong></span> 
     </span>
     <span class='ocr_line' id='line_1_31' title="bbox 457 3470 1695 3553; baseline 0 -18"><span class='ocrx_word' id='word_1_197' title='bbox 457 3472 617 3535; x_wconf 92' lang='lat' dir='ltr'><strong>Ante</strong></span> <span class='ocrx_word' id='word_1_198' title='bbox 649 3471 805 3532; x_wconf 91' lang='lat' dir='ltr'><strong>diem</strong></span> <span class='ocrx_word' id='word_1_199' title='bbox 837 3471 1215 3553; x_wconf 76' lang='lat' dir='ltr'><strong>poenae&#39;quod</strong></span> <span class='ocrx_word' id='word_1_200' title='bbox 1245 3470 1475 3553; x_wconf 70' lang='lat' dir='ltr'><strong>periere</strong></span> <span class='ocrx_word' id='word_1_201' title='bbox 1503 3493 1652 3534; x_wconf 88' lang='lat' dir='ltr'><strong>meae</strong></span> <span class='ocrx_word' id='word_1_202' title='bbox 1680 3475 1695 3535; x_wconf 91' lang='lat'>!</span> 
     </span>
     <span class='ocr_line' id='line_1_32' title="bbox 379 3573 1863 3661; baseline -0.002 -19"><span class='ocrx_word' id='word_1_203' title='bbox 379 3577 486 3643; x_wconf 91' lang='lat' dir='ltr'><strong>Me</strong></span> <span class='ocrx_word' id='word_1_204' title='bbox 517 3596 751 3661; x_wconf 90' lang='lat' dir='ltr'><strong>quoque</strong></span> <span class='ocrx_word' id='word_1_205' title='bbox 782 3573 1036 3650; x_wconf 87' lang='lat' dir='ltr'><strong>felicem,</strong></span> <span class='ocrx_word' id='word_1_206' title='bbox 1069 3574 1228 3657; x_wconf 67' lang='lat' dir='ltr'><strong>qued</strong></span> <span class='ocrx_word' id='word_1_207' title='bbox 1256 3596 1372 3636; x_wconf 91' lang='lat' dir='ltr'><strong>non</strong></span> <span class='ocrx_word' id='word_1_208' title='bbox 1402 3575 1727 3656; x_wconf 88' lang='lat' dir='ltr'><strong>viventibus</strong></span> <span class='ocrx_word' id='word_1_209' title='bbox 1756 3578 1863 3639; x_wconf 86' lang='lat' dir='ltr'><strong>illis</strong></span> 
     </span>
     <span class='ocr_line' id='line_1_33' title="bbox 469 3678 1884 3760; baseline -0.001 -15"><span class='ocrx_word' id='word_1_210' title='bbox 469 3682 620 3746; x_wconf 85' lang='lat' dir='ltr'><strong>Sum</strong></span> <span class='ocrx_word' id='word_1_211' title='bbox 649 3679 867 3755; x_wconf 82' lang='lat' dir='ltr'><strong>miser3</strong></span> <span class='ocrx_word' id='word_1_212' title='bbox 912 3691 973 3739; x_wconf 91' lang='lat' dir='ltr'><strong>et</strong></span> <span class='ocrx_word' id='word_1_213' title='bbox 1000 3679 1076 3739; x_wconf 90' lang='lat' dir='ltr'><strong>de</strong></span> <span class='ocrx_word' id='word_1_214' title='bbox 1112 3700 1209 3740; x_wconf 90' lang='lat' dir='ltr'><strong>me</strong></span> <span class='ocrx_word' id='word_1_215' title='bbox 1239 3678 1402 3760; x_wconf 77' lang='lat' dir='ltr'><strong>quod</strong></span> <span class='ocrx_word' id='word_1_216' title='bbox 1434 3680 1676 3743; x_wconf 72' lang='lat' dir='ltr'><strong>doluere</strong></span> <span class='ocrx_word' id='word_1_217' title='bbox 1705 3682 1844 3744; x_wconf 92' lang='lat' dir='ltr'><strong>nihil</strong></span> <span class='ocrx_word' id='word_1_218' title='bbox 1869 3685 1884 3743; x_wconf 73' lang='grc' dir='ltr'><em>Ζ</em></span> 
     </span>
    </p>
   </div>
  </div>
 </body>
</html>
