2622 4207
1171 237 1403 296 LIBER
1439 241 1484 295 Ι.
2264 244 2306 303 3

335 401 511 468 Cura
541 401 640 465 dei
667 423 683 463 t
726 399 1090 483 totidemque
1119 398 1307 483 plagae
1338 398 1546 462 tellure
1575 410 1943 483 premuntur.

340 504 623 578 Quarum
655 526 784 589 quae
813 502 1015 566 media
1044 516 1153 579 est,
1182 524 1303 566 non
1334 515 1424 565 est
1451 500 1778 565 habitabilis
1808 513 1952 564 aestu
1979 521 1995 561 ε

339 606 469 670 Nix
500 607 641 691 tegit
671 607 787 669 alta
816 604 965 670 duas
990 628 1006 666 ε
1049 605 1297 669 totidem
1325 605 1475 668 inter
1505 618 1820 688 utrumque
1850 600 2103 681 locavit3
2224 606 2306 663 50

337 708 854 794 Temperiemque
885 708 1067 785 dedit,
1097 707 1286 771 mixta
1316 730 1456 771 cum
1478 706 1690 791 frigore
1722 704 1984 769 flamma.

337 809 620 899 imminet
646 812 738 874 his
769 815 909 876 aer:
955 812 1074 896 qui,
1106 810 1326 896 quanto
1357 824 1447 874 est
1474 810 1741 896 pondere
1771 823 1936 873 terrae

339 912 594 978 Pondus
624 936 788 999 aquae
820 915 1023 992 levius,
1055 913 1215 978 tanto
1246 929 1338 978 est
1365 914 1666 978 onerosior
1695 913 1833 997 igni.

336 1017 469 1083 Illic
500 1033 560 1083 et
588 1021 852 1097 nebulaS,
883 1019 1000 1083 illic
1031 1020 1354 1084 consistere
1384 1020 1573 1083 nubes

336 1119 543 1198 Jussit,
575 1136 636 1186 et
662 1122 954 1186 humanas
982 1136 1217 1185 motura
1243 1122 1497 1185 tonitrua
1524 1135 1775 1197 mentes,
2226 1124 2306 1181 55

339 1225 428 1290 Et
457 1249 594 1291 cum
627 1226 968 1294 fulminibus
998 1227 1284 1292 facientes
1314 1226 1530 1311 frigora
1557 1241 1787 1291 ventoS.

338 1330 458 1395 His
489 1354 726 1418 quoque
757 1357 874 1397 non
905 1334 1127 1418 passim
1157 1334 1364 1397 mundi
1394 1332 1709 1397 fabricator
1738 1331 2089 1397 habendum

338 1435 509 1499 Aera
538 1437 819 1520 permisit.
908 1434 1032 1500 Vix
1061 1460 1220 1502 nunc
1250 1436 1544 1502 obsistitur
1574 1437 1703 1515 illis,

341 1535 508 1601 Cum
539 1561 646 1602 sua
676 1540 923 1624 quisque
953 1554 1162 1624 regant
1191 1540 1426 1603 diverso
1456 1539 1699 1603 flamina
1723 1554 1933 1616 tractu,

340 1638 511 1712 Quin
538 1641 759 1704 lanient
786 1642 1074 1705 mundum
1101 1664 1121 1721 3
1164 1655 1328 1705 tanta
1357 1655 1448 1705 est
1476 1641 1774 1706 discordia
1802 1640 2067 1705 flatrum.
2223 1643 2308 1704 60

338 1739 548 1805 Eurus
579 1742 657 1804 ad
686 1743 1004 1820 Auroram,
1034 1743 1487 1824 Nabathaeaque
1516 1764 1705 1823 regna
1730 1743 1997 1817 recessit,

335 1842 746 1924 Persidaque,
778 1856 840 1903 et
864 1844 1046 1904 radiis
1066 1843 1214 1925 juga
1243 1842 1482 1904 subdita
1507 1841 1826 1904 matutinis.

332 1942 606 2026 Vesper,
640 1956 700 2005 et
725 1943 981 2007 occiduo
1011 1963 1138 2027 quae
1165 1942 1359 2007 littora
1386 1943 1510 2008 sole
1540 1956 1869 2028 tepescunt,

337 2044 634 2110 Proxima
663 2059 795 2111 sunt
823 2044 1111 2130 Zephyro
1138 2067 1155 2108 ε
1202 2045 1510 2131 Scythiam
1544 2045 1913 2135 Septemque
1940 2050 2193 2118 trionem

339 2147 618 2213 Horrifer
646 2149 852 2213 invasit
880 2148 1112 2214 Boreas
1135 2171 1155 2229 3
1184 2150 1496 2214 contraria
1524 2151 1698 2214 tellus
2221 2157 2305 2223 65

340 2254 620 2319 Nubibus
651 2255 926 2332 adsiduis,
955 2256 1274 2340 pluvioque
1305 2256 1598 2321 madescit
1627 2257 1702 2322 ab
1731 2258 1971 2324 Austro.

342 2358 497 2423 Haec
527 2383 703 2445 super
731 2361 1007 2446 imposuit
1033 2361 1325 2444 liquidum
1355 2375 1416 2424 et
1445 2362 1730 2445 gravitate
1758 2379 2064 2430 carentem

342 2459 611 2540 AEthera,
642 2484 757 2526 nec
788 2464 1112 2546 quidquam
1139 2478 1386 2528 terrenae
1419 2463 1578 2527 faecis
1606 2465 1950 2531 habentem.

428 2562 552 2628 Vix
582 2586 656 2628 ea
684 2564 963 2627 limitibus
993 2564 1353 2647 dissepserat
1378 2563 1580 2625 omnia
1607 2566 1823 2644 certis;

347 2667 531 2744 Cum,
565 2688 691 2752 quae
723 2688 931 2752 pressa
963 2666 1063 2727 diu
1094 2664 1293 2729 massa
1321 2663 1546 2728 latuere
1577 2666 1686 2729 sub
1716 2665 1833 2746 illa,
2226 2679 2310 2738 70

348 2770 564 2833 Sidera
593 2783 906 2853 coeperunt
932 2783 1055 2832 toto
1087 2769 1481 2833 effervescere
1511 2770 1689 2834 coelo.

344 2870 490 2935 Neu
520 2872 686 2955 regio
716 2869 865 2933 foret
894 2871 1015 2933 ulla
1044 2870 1162 2933 suis
1193 2859 1583 2937 animantibus
1612 2875 1777 2953 orba,

344 2974 525 3040 Astra
553 2987 753 3035 tenent
782 2973 1025 3035 coeleste
1057 2973 1267 3051 solum,
1299 2972 1621 3060 formaeque
1652 2977 1901 3044 deorum
1929 3003 1945 3042 ε

346 3075 679 3139 Cesserunt
703 3075 898 3137 nitidis
926 3075 1255 3139 habitandae
1286 3078 1545 3162 piscibus
1574 3082 1745 3145 undae
1773 3105 1790 3144 ε

342 3176 544 3240 Terra
572 3175 728 3240 feras
757 3177 951 3261 cepit:
995 3178 1266 3243 volucres
1296 3179 1579 3264 agitabilis
1609 3186 1734 3246 aer.
2224 3192 2304 3249 75

439 3280 714 3343 Sanctius
742 3280 832 3343 his
863 3281 1098 3357 animal,
1127 3283 1461 3368 mentisque
1493 3287 1772 3369 capacius
1802 3290 1928 3353 altae

343 3381 580 3445 Deerat
609 3382 826 3459 adhuc,
859 3396 919 3446 et
947 3384 1107 3466 quod
1139 3384 1426 3448 dominari
1454 3387 1513 3450 in
1542 3403 1757 3455 caetera
1785 3408 2007 3477 posset.

346 3484 543 3549 Natus
571 3485 755 3548 homo
782 3500 871 3549 est
898 3508 913 3548 ε
959 3486 1081 3549 sive
1112 3487 1270 3551 hunc
1303 3489 1497 3553 divino
1526 3494 1752 3559 semine
1783 3495 1922 3559 fecit

342 3586 450 3652 Ille
482 3585 692 3674 opifex
721 3609 944 3666 rerum,
975 3590 1182 3654 mundi
1211 3590 1472 3657 melioris
1501 3595 1667 3681 origo
1694 3619 1710 3657 ε
