2622 4207
394 338 512 398 156
1271 307 1675 366 HEROIDEs.

383 487 530 553 Irus·
543 507 746 570 egens,
777 479 1126 566 pecorisque
1157 463 1518 534 Melanthius
1549 476 1711 527 actor
1741 458 1981 531 edendi,

473 593 731 655 Ultimus
761 586 1052 652 accedunt
1081 582 1135 642 in
1167 593 1266 639 tua
1296 575 1516 636 damna
1543 569 1755 652 pudor.

389 700 549 763 Tres
579 716 778 760 sumus
808 688 1075 753 imbelles
1104 703 1352 747 numero
1385 701 1403 757 3
1433 678 1555 739 sine
1584 672 1802 734 viribus
1830 689 2003 743 uxor,

476 780 841 881 Laertesque
874 814 1081 867 senex,
1110 785 1635 864 Telemachusque
1660 797 1830 860 puer.

385 911 489 972 Ille
520 928 628 990 per
656 902 892 967 insidias
921 897 1076 983 pene
1110 908 1199 957 est
1226 891 1368 954 mihi
1397 908 1586 968 nuper
1623 883 1936 964 ademptus
1961 903 1978 957 ;

471 1013 640 1076 Dum
670 1022 857 1093 parat,
886 1003 1079 1065 invitis
1106 998 1401 1070 omnibus,
1431 994 1516 1054 ire
1548 989 1765 1072 Pylon.

384 1117 472 1180 Di
500 1136 709 1199 precor
737 1113 853 1174 hoc
889 1109 1158 1194 jubeant,
1190 1116 1271 1178 ut,
1301 1100 1572 1163 euntibus
1600 1093 1806 1156 ordine
1836 1090 1986 1165 fatis,

471 1222 578 1284 Ille
610 1240 776 1281 meos
804 1215 1010 1278 oculos
1038 1209 1409 1292 comprimat,
1441 1203 1535 1264 ille
1567 1216 1718 1262 tuos.

386 1327 525 1392 Hoc
557 1325 776 1388 faciunt
804 1335 1117 1399 custosque
1146 1315 1350 1385 boum,
1381 1311 1762 1390 longaevaque
1802 1301 1997 1364 nutrix
2026 1321 2041 1361 t

470 1429 732 1500 Tertius,
763 1422 1079 1486 immundae
1111 1440 1254 1482 cura
1283 1414 1474 1477 fidelis
1502 1414 1681 1474 harae.

389 1537 514 1600 Sed
545 1553 738 1616 neque
771 1529 1042 1602 Laertes,
1073 1538 1138 1585 ut
1168 1522 1264 1605 qui
1296 1520 1369 1582 sit
1396 1517 1610 1580 inutilis
1641 1513 1839 1588 armis,

474 1637 760 1702 Hostibus
789 1634 847 1695 in
877 1631 1089 1694 mediis
1117 1648 1298 1710 regna
1327 1640 1528 1687 tenere
1570 1621 1763 1681 valet.-

385 1743 760 1809 Telemacho
790 1739 985 1800 veniet
1017 1734 1199 1820 (vivat
1229 1727 1439 1814 modo)
1471 1726 1669 1790 sortior
1701 1735 1838 1784 aetas
1866 1745 1882 1782 ε

475 1850 654 1914 Nunc
688 1861 813 1909 erat
841 1843 1071 1907 auxiliis
1100 1841 1194 1902 illa
1224 1836 1441 1900 tuenda
1472 1831 1668 1916 patris.

388 1957 526 2020 Nec
557 1955 697 2016 mihi
729 1964 862 2014 sunt
892 1949 1043 2010 vires
1071 1944 1336 2006 inimicos
1365 1938 1588 2022 pellere
1618 1935 1808 1995 tectis.

473 2060 577 2123 Tu
607 2057 774 2121 citius
803 2053 1021 2126 venias,
1051 2060 1251 2132 portus
1283 2059 1341 2106 et
1372 2064 1469 2103 ara
1500 2040 1632 2100 tuis.

388 2165 503 2228 Est
528 2163 650 2236 tibi,
682 2161 890 2241 sitque,
921 2174 1151 2238 precor,
1181 2162 1371 2222 natuS,
1405 2137 1503 2228 qui
1553 2143 1826 2205 mollibus
1859 2143 2022 2206 annis

475 2268 544 2330 In
574 2264 789 2348 patrias
820 2273 973 2321 artes
999 2254 1361 2319 erudiendus
1390 2263 1536 2312 erat.

388 2372 651 2455 Respice
687 2368 943 2429 Laerten
971 2385 986 2423 ε
1016 2374 1079 2423 ut
1110 2360 1236 2445 jam
1269 2380 1375 2420 sua
1403 2355 1622 2417 lumina
1666 2355 1907 2429 condas,

394 2550 401 2556 ,
477 2476 836 2539 Extremum
866 2468 964 2531 fati
995 2466 1237 2530 sustinet
1264 2464 1359 2525 ille
1384 2462 1566 2524 diem.

391 2582 574 2647 Certe
606 2601 739 2662 ege,
772 2598 897 2661 quae
931 2573 1177 2648 fueram,
1208 2585 1267 2633 te
1300 2568 1666 2643 discedente,
1695 2565 1910 2650 puella,

447 2686 751 2751 ‘Protinus
774 2696 838 2745 ut
864 2681 1095 2754 redeas,
1128 2675 1279 2739 sacta
1309 2675 1554 2737 videbor
1584 2696 1748 2737 anus.

1047 2880 1491 2945 EPISTOLA
1531 2879 1672 2941 VII.

1153 3068 1318 3109 DIDO
1348 3067 1569 3109 AENEAE.

395 3225 553 3302 SIC,
582 3223 682 3286 ubi
714 3221 829 3284 fata
857 3232 1087 3294 vocant,
1119 3217 1248 3278 udis
1280 3216 1542 3299 abjectus
1572 3212 1631 3272 in
1660 3211 1875 3287 herbis,

476 3330 576 3392 Ad
604 3328 758 3420 vada
788 3323 1070 3387 Maeandri
1100 3320 1354 3385 concinit
1384 3319 1545 3379 albus
1587 3318 1731 3379 olor.

392 3436 549 3510 Nee,
582 3434 717 3523 quia
746 3446 803 3493 te
835 3429 1031 3491 nostr&
1060 3448 1292 3510 sperem
1323 3444 1501 3508 prece
1535 3445 1707 3505 posse
1738 3423 1984 3498 moveri,

472 3540 756 3621 Alloquor
784 3558 799 3596 ε
830 3535 1076 3596 adverso
1095 3531 1396 3616 >movimus
1422 3529 1529 3590 ista
1565 3529 1701 3591 de0.

390 3645 606 3709 Certus
635 3664 701 3703 es
728 3641 811 3702 ire
841 3652 1059 3712 tamen,
1090 3637 1480 3717 miseramque
1512 3634 1840 3718 relinquere
1869 3632 2070 3695 Dido:

480 3750 672 3830 Atque
700 3744 863 3806 idem
892 3740 1048 3802 venti
1078 3740 1209 3801 vela
1237 3731 1536 3821 fidemque
1567 3737 1774 3801 serent.

2270 563 2351 623 90

2259 1093 2341 1152 95

2227 1576 2350 1677 100

2221 2147 2341 2204 105

2222 2676 2339 2732 110
