2622 4207
437 283 555 342 180
1233 275 1564 331 TRISTIA.

433 433 499 496 Si
528 434 733 510 merui,
760 431 1082 515 videorque
1109 452 1377 511 nocens3
1418 433 1698 517 imponite
1744 431 2018 506 flanmae,

517 538 850 621 Nostraque
881 536 1121 600 fumosis
1149 537 1296 598 urite
1326 538 1595 599 membra
1623 536 1789 600 focis·

433 642 499 706 Si
527 643 734 719 merui,
762 642 1083 725 videorque
1114 663 1335 704 nocens
1358 665 1377 720 3
1421 643 1677 705 excidite
1707 642 1862 705 ferro
1889 665 1904 703 z

517 748 601 811 Et
628 748 801 810 liceat
829 747 1051 809 miserae
1084 746 1349 809 dedecus
1378 769 1509 810 esse
1539 749 1743 810 semel.

434 852 499 915 Si
527 875 638 916 nec
666 874 771 914 cur
798 871 953 928 urar,
985 874 1095 914 nec
1126 874 1232 914 cur
1262 852 1524 927 excidat,
1554 851 1778 915 habetis
1801 875 1822 930 3
1861 864 1865 869 ’

516 956 773 1020 Parcite.
867 957 970 1021 Sic
998 971 1261 1041 coeptum
1289 956 1602 1040 perficiatis
1629 957 1757 1019 iter.

1196 1287 1573 1350 TRISTIA.

927 1452 1203 1517 LIBER
1243 1452 1354 1516 IV.
1422 1454 1756 1522 ELEGIA
1797 1458 1893 1522 Χ.Γ

927 1645 1133 1686 GENUS
1167 1646 1338 1688 SUUM
1367 1647 1649 1690 EXPONIT
1679 1649 1860 1689 NASO.

431 1757 584 1835 hm:
614 1792 747 1856 ego,
779 1773 878 1856 qui
907 1771 1137 1850 fuerim,
1166 1787 1504 1838 tenerorum
1534 1775 1690 1838 lusor
1721 1795 2012 1850 amorum,

518 1875 722 1951 Quem
750 1880 914 1962 legis,
943 1894 1006 1941 ut
1033 1879 1210 1954 noris,
1242 1880 1467 1964 accipe,
1498 1879 1840 1942 Posteritas.

433 1981 639 2045 Sulmo
667 1984 810 2045 mihi
837 1985 1024 2066 patria
1054 1999 1161 2058 est,
1192 1985 1397 2065 gelidis
1430 1985 1753 2066 uberrimus
1771 1983 1960 2058 undis,

514 2087 700 2152 Millia
729 2089 826 2171 qui
855 2088 1056 2150 novies
1086 2087 1256 2150 distat
1285 2087 1359 2149 ab
1387 2086 1554 2150 Urbe
1585 2090 1820 2151 decem.

428 2192 643 2255 Editus
672 2193 768 2254 hic
799 2214 911 2274 ego
941 2214 1109 2254 sum:
1152 2214 1404 2267 necnon,
1437 2207 1501 2254 ut
1527 2208 1796 2277 tempora
1822 2193 2012 2274 noris3

512 2295 674 2358 Ctim
704 2295 919 2358 cecidit
946 2293 1064 2356 fato
1093 2294 1320 2357 Consul
1350 2310 1593 2379 uterque
1621 2298 1768 2380 pari.

429 2401 495 2463 Si
527 2401 665 2484 quid
695 2401 755 2463 id
785 2415 891 2476 est,
921 2421 1108 2483 usque
1141 2420 1173 2460 a
1203 2401 1433 2482 proavis
1460 2414 1625 2462 vetus
1653 2401 1871 2465 ordinis
1900 2404 2129 2484 haeres;

513 2505 654 2568 Non
684 2505 863 2568 modo
896 2504 1168 2567 Fortunae
1201 2526 1444 2567 munere
1475 2504 1662 2569 factus
1693 2527 1897 2589 eques„

425 2611 563 2676 Nec
593 2612 762 2695 stirps
791 2611 981 2695 prima
1011 2610 1087 2675 fui
1109 2635 1128 2689 3
1174 2612 1367 2693 genito
1386 2610 1514 2694 jam
1546 2609 1718 2674 fratre
1750 2626 1982 2676 creatus
2006 2635 2026 2689 ;

510 2716 634 2789 Qui
664 2717 841 2779 tribus
871 2718 1001 2778 ante
1034 2733 1235 2798 quater
1267 2718 1563 2779 mensibus
1591 2733 1748 2781 ortus
1778 2732 1923 2780 erat.

425 2820 668 2884 Lucifer
697 2822 1002 2880 amborum
1030 2820 1315 2881 natalibus
1344 2819 1528 2881 adsuit
1553 2822 1713 2884 idem
1741 2845 1756 2882 :

511 2923 649 2984 Una
678 2923 970 2985 celebrata
1001 2936 1089 2983 est
1116 2944 1221 3003 per
1252 2924 1369 2985 duo
1399 2924 1515 2986 liba
1544 2926 1691 2989 dies.

425 3025 576 3089 Haec
608 3041 696 3090 est
720 3025 1002 3090 armiserae
1035 3024 1193 3088 festis
1223 3028 1299 3089 de
1332 3030 1587 3114 quinque
1617 3030 1918 3107 Minervae,

423 3185 444 3194 a
507 3131 660 3204 Quae
689 3132 816 3194 fieri
844 3131 1040 3215 pugn&
1068 3132 1254 3216 prima
1283 3150 1527 3198 cruenta
1555 3137 1722 3199 solet.
1862 3213 1869 3222 .

423 3236 698 3301 Protinus
728 3238 1052 3302 excolimur
1080 3239 1286 3314 teneri,
1318 3240 1577 3322 cur-{ique
1607 3242 1863 3324 parentis

506 3341 669 3404 Imus
698 3343 772 3405 ad
802 3343 1053 3426 insignes
1080 3340 1260 3405 Urbis
1291 3344 1364 3405 ab
1394 3357 1515 3406 arte
1546 3344 1717 3407 viros·

422 3444 634 3510 Frater
664 3448 737 3509 ad
770 3446 1064 3530 eloquium
1094 3447 1257 3509 viridi
1287 3448 1565 3511 tendebat
1594 3449 1667 3510 ab
1699 3472 1843 3527 aevo,

505 3551 707 3615 Fortia
734 3552 961 3613 verbosi
990 3566 1157 3613 natus
1186 3553 1262 3614 ad
1291 3574 1452 3614 arma
1497 3551 1658 3615 Fori.

417 3659 502 3721 At
528 3657 668 3718 mihi
685 3657 812 3740 jam
841 3676 1025 3738 puero
1054 3657 1317 3718 coelestia
1345 3677 1513 3719 sacra
1541 3657 1887 3740 placebant3

502 3761 688 3844 Inque
718 3781 887 3824 suum
919 3759 1110 3822 furtim
1140 3759 1318 3822 Musa
1338 3762 1603 3824 trahebat
1628 3784 1797 3846 opus.

2242 543 2363 602 160

2276 2725 2350 2782 10

2273 3250 2345 3307 15
