2622 4207
383 283 502 343 122
921 272 1676 331 METAMORPHOSEON

373 432 579 496 Mente
611 431 800 495 ferant
838 432 1109 515 placida:
1156 433 1350 494 doceo
1381 453 1498 514 quo
1528 433 1706 495 simus
1737 433 1953 507 alendi,

371 540 738 603 Armandive
769 539 987 600 modo:
1032 537 1224 600 mittor
1255 537 1375 620 quo
1404 538 1659 620 postulat
1693 560 1853 600 usus.
2205 542 2328 600 215

460 643 632 707 Ecce
660 643 823 707 Jovis
846 645 1089 719 monitu,
1121 644 1410 726 deceptus
1439 644 1695 726 imagine
1728 643 1936 717 somni,

371 751 514 813 Rex
534 750 709 835 jubet
737 750 951 833 incepti
983 771 1188 811 curam
1221 750 1511 812 dimittere
1540 749 1699 810 belli.

368 856 474 917 Ille
505 868 700 938 potest
729 869 968 918 auctore
1001 876 1169 917 suam
1200 854 1527 916 defendere
1559 876 1823 916 causam.

367 960 508 1023 Non
539 962 688 1023 sinat
719 946 834 1021 hoc
866 960 1046 1043 Ajax,
1080 960 1451 1042 delendaque
1493 958 1794 1041 Pergama
1821 974 2069 1042 poscat:

371 1065 676 1149 Quodque
708 1080 919 1149 potest,
951 1080 1192 1150 pugnet.
1286 1063 1415 1126 Cur
1444 1086 1561 1127 non
1591 1060 1917 1127 remoratur
1946 1065 2127 1127 ituros
2151 1064 2177 1127 ?
2201 1070 2330 1127 220

371 1170 501 1234 Cur
529 1194 647 1233 non
681 1194 847 1234 arma
876 1171 1077 1255 capit?
1125 1172 1268 1246 Dat,
1302 1171 1461 1253 quod
1492 1191 1643 1251 vaga
1671 1170 1843 1231 turba
1872 1168 2195 1252 sequatur?

371 1278 514 1339 Non
547 1292 672 1339 erat
700 1277 816 1339 hoc
847 1278 1091 1338 nimium
1121 1297 1422 1357 nunquam
1453 1275 1562 1335 nisi
1592 1296 1808 1356 magna
1836 1276 2115 1357 loquenti.

371 1382 558 1455 Quid,
592 1381 750 1463 quod
784 1395 842 1441 et
871 1382 997 1461 ipse
1030 1379 1229 1461 sugis?
1275 1379 1415 1453 vidi,
1445 1379 1772 1461 puduitque
1804 1380 2025 1455 videre,

372 1485 533 1548 Cum
563 1501 625 1548 tu
657 1499 821 1567 terga
853 1486 1047 1560 dareS,
1081 1485 1504 1567 inhonestaque
1537 1485 1669 1545 vela
1692 1506 1954 1566 parareS.

370 1591 509 1653 Nec
541 1613 727 1667 mora,
761 1599 777 1626 ‘
801 1590 968 1663 Quid
999 1588 1237 1652 facitis?
1286 1611 1413 1672 quae
1448 1611 1551 1652 vos
1584 1590 1921 1667 dementia,’
1953 1592 2094 1667 dixi,
2202 1600 2330 1656 225

369 1704 384 1734 ‘
410 1696 709 1772 Concitat,
741 1720 777 1759 o
808 1697 969 1772 socii,
1002 1711 1237 1779 captam
1269 1696 1560 1758 dimittere
1598 1695 1894 1780 Trojam?
2132 1706 2137 1709 ’

371 1802 612 1875 Quidve
645 1804 891 1865 domum
921 1802 1081 1865 fertis
1118 1802 1374 1877 decimo,
1406 1801 1512 1863 nisi
1545 1802 1830 1876 dedecuS,
1852 1801 2050 1864 anno?
2073 1802 2089 1831 '

370 1909 619 1972 Talibus
651 1925 826 1992 atque
860 1909 1003 1984 aliis,
1034 1910 1091 1970 in
1124 1931 1250 1991 quae
1283 1909 1450 1970 dolor
1479 1908 1604 1989 ipse
1638 1908 1919 1969 disertum

303 2066 310 2081 .
362 2012 639 2088 Fecerat,
674 2036 908 2075 aversos
939 2013 1188 2094 profuga
1218 2013 1293 2072 de
1327 2013 1514 2072 classe
1546 2012 1780 2072 reduxi.

275 2169 278 2170 ν
368 2117 683 2180 Convocat
714 2119 950 2179 Atrides
980 2119 1174 2178 socios
1203 2132 1426 2178 terrore
1457 2132 1740 2199 paventes
1768 2141 1783 2178 ε
2144 2175 2150 2180 .
2200 2127 2328 2185 230

366 2221 506 2284 Nec
535 2220 999 2282 Telamoniades
1023 2221 1200 2280 etiam
1230 2242 1387 2282 nunc
1416 2221 1647 2283 hiscere
1681 2222 2002 2303 quidquam

369 2325 543 2387 Ausit
569 2348 585 2386 ε
632 2339 690 2386 at
720 2346 896 2386 ausus
926 2338 1052 2386 erat
1078 2346 1250 2407 reges
1280 2326 1577 2387 incessere
1610 2327 1777 2388 dictis

365 2427 698 2506 Thersites,
730 2430 908 2492 etiam
938 2452 1046 2515 per
1075 2452 1174 2493 me
1204 2431 1364 2493 haud
1395 2431 1655 2516 impune,
1687 2433 1991 2515 protervis.

335 2525 352 2548 '
370 2535 608 2621 Erigor,
641 2552 700 2600 et
730 2538 988 2621 trepidos
1018 2538 1178 2601 cives
1209 2537 1489 2600 exhortor
1517 2539 1575 2600 in
1605 2538 1873 2601 hostem:

369 2644 788 2728 Amissamque
825 2644 963 2707 mea
991 2646 1263 2708 virtutem
1293 2667 1442 2707 voce
1472 2667 1743 2728 reposco.
2197 2653 2323 2711 235

367 2748 673 2833 Tempore
706 2751 779 2812 ab
809 2751 947 2824 hoe,
979 2752 1372 2832 quodcunque
1403 2764 1595 2831 potest
1624 2750 1835 2812 secisse
1866 2752 2050 2815 videri

369 2849 625 2913 Fortiter
653 2853 782 2925 iste,
813 2872 1016 2912 meum
1047 2865 1137 2912 est
1163 2873 1178 2910 ε
1225 2851 1322 2932 qui
1354 2851 1592 2912 dantem
1627 2867 1793 2935 terga
1822 2857 2060 2917 retraxi.

453 2954 731 3035 Denique
764 2953 841 3013 de
872 2953 1102 3013 Danais
1134 2954 1262 3034 quis
1290 2969 1350 3014 te
1382 2954 1653 3018 laudatve
1683 2959 1947 3039 petitve?

376 3059 461 3121 At
490 3080 595 3120 sua
625 3056 901 3139 Tydides
929 3077 1169 3119 mecum
1201 3062 1601 3124 communicat
1631 3078 1801 3126 acta:

382 3162 489 3225 Me
513 3164 722 3246 probat
747 3185 762 3223 t
809 3178 869 3225 et
898 3163 1060 3226 socio
1084 3186 1321 3248 semper
1350 3168 1591 3229 confidit
1619 3168 1859 3251 Ulysse.
2205 3179 2331 3236 240

381 3268 495 3332 Est
526 3270 763 3352 aliquid,
797 3270 872 3332 de
904 3284 988 3333 tot
1028 3270 1344 3356 Grajorum
1375 3272 1644 3348 millibus,
1676 3298 1859 3338 unum

379 3376 441 3435 A
472 3374 773 3436 Diomede
805 3376 939 3458 legi.
1033 3376 1171 3438 Nec
1201 3398 1300 3438 me
1330 3399 1455 3440 sors
1482 3379 1568 3440 ire
1588 3380 1875 3462 jubebat:

384 3479 486 3541 Sic
520 3494 717 3541 tamen
749 3493 806 3541 et
837 3494 1031 3562 spreto
1061 3482 1365 3563 noctisque
1395 3484 1692 3567 hostisque
1717 3488 1957 3567 periclo,

379 3587 608 3648 Ausum
640 3585 873 3660 eadem,
907 3608 1034 3667 quae
1063 3608 1188 3662 nOS,
1219 3586 1485 3671 Phrygia
1514 3590 1590 3650 de
1622 3607 1795 3672 gente
1826 3593 2064 3658 Dolona

387 3691 686 3753 nterimo:
731 3712 847 3751 non
880 3690 1014 3751 ante
1059 3704 1278 3768 tamen,
1311 3671 1487 3776 quam
1518 3711 1733 3759 cuncta
1760 3699 1929 3781 coegi
2205 3705 2329 3765 245
