2622 4207
370 287 455 348 60
956 268 1714 331 METAMORPHOSEON

374 439 602 523 Stipite,
627 437 726 521 qui
756 432 956 498 media
982 433 1202 518 positus
1232 430 1497 493 fumabat
1522 429 1581 490 in
1614 425 1767 500 aula,

369 543 670 623 Perculit3
715 557 774 605 et
801 540 998 605 fractis
1027 537 1292 601 confudit
1311 538 1371 599 in
1399 536 1627 599 ossibus
1657 555 1782 597 ora.

372 645 554 710 Hunc
585 646 682 708 ubi
699 644 965 706 laudatos
983 642 1310 726 jactantem
1333 640 1392 701 in
1422 638 1702 721 sanguine
1732 633 1927 697 vultus

367 753 647 836 Assyrius
675 751 816 812 vidit
847 749 1145 832 LycabaS,
1161 746 1562 831 junctissimus
1589 743 1668 805 illi
2233 740 2315 799 60

370 860 455 923 Et
484 880 706 932 comeS,
738 873 799 919 et
826 856 948 919 veri
977 877 1095 918 non
1126 853 1515 917 dissimulator
1546 849 1758 912 amoris
1781 870 1800 927 3

369 963 695 1046 Postquam
728 963 1106 1024 exhalantem
1137 960 1244 1022 sub
1278 959 1495 1021 acerbo
1524 957 1762 1017 vulnere
1792 953 1971 1015 vitam
2076 967 2084 976 ·

369 1067 716 1151 Deploravit
737 1066 918 1129 Athin
946 1089 965 1145 3
1011 1087 1158 1149 quos
1181 1065 1274 1127 ille
1305 1062 1653 1136 tetenderat,
1687 1080 1857 1122 arcus

368 1173 647 1256 Adripit3
694 1178 772 1248 et,
805 1180 822 1210 ‘
843 1171 1090 1234 Mecum
1121 1170 1221 1233 tibi
1253 1170 1364 1232 sint
1393 1166 1734 1240 certamina,
1754 1164 1771 1193 ’
1803 1163 1989 1224 dixit:

371 1282 387 1313 ‘
407 1275 470 1337 N
475 1297 546 1338 ec
575 1275 815 1357 longum
845 1274 1012 1356 pueri
1042 1271 1160 1334 fato
1190 1272 1463 1333 laetabere
1490 1292 1509 1348 3
1555 1289 1673 1350 quo
1701 1267 1831 1350 plus
2230 1266 2312 1324 65

365 1380 624 1455 Invidiae,
650 1379 828 1463 quam
850 1378 1058 1452 laudiS,
1089 1377 1316 1439 habes-⁹
1407 1373 1560 1436 Haec
1583 1373 1782 1436 omnia
1808 1371 2070 1434 nondum
2393 1357 2398 1363 ’

367 1484 621 1547 Dixerat
648 1506 662 1544 ε
709 1483 949 1545 emicuit
977 1504 1158 1543 nervo
1187 1480 1548 1565 penetrabile
1578 1480 1800 1541 telum:

365 1587 769 1671 Vitatumque‚
797 1602 997 1649 tamen
1027 1585 1263 1648 sinuosa
1290 1603 1455 1648 veste
1487 1585 1789 1669 pependit.
1855 1615 1866 1623 ·

364 1690 558 1756 Vertit
583 1694 641 1756 in
671 1695 827 1756 hunc
858 1693 1102 1776 harpen,
1135 1705 1463 1775 spectatam
1494 1691 1660 1753 caede
1692 1688 1983 1764 Medusae,

366 1798 824 1875 Acrisioniades»,
857 1799 1148 1882 adigitque
1181 1798 1237 1860 in
1266 1812 1495 1882 pectus.
1589 1797 1666 1860 At
1693 1797 1789 1859 ille
2232 1799 2313 1855 70

366 1902 505 1967 Jam
535 1905 809 1981 moriem,
841 1905 1025 1967 oculis
1056 1905 1164 1966 sub
1187 1918 1362 1967 nocte
1393 1904 1721 1967 natantibus
1752 1901 1895 1978 atra,

366 2003 809 2088 circumspexit
837 2007 1018 2066 Athin
1046 2027 1061 2065 τ
1107 2027 1289 2086 seque
1323 2005 1632 2066 adclinavit
1661 2005 1720 2066 in
1748 2004 1948 2064 illum:

367 2109 453 2174 Et
480 2112 606 2173 tulit
636 2111 711 2172 ad
741 2131 947 2171 manes
958 2109 1177 2192 junctae
1210 2109 1413 2170 solatia
1440 2108 1664 2169 mortis.

450 2215 588 2277 Nec
619 2214 882 2275 Phineus
912 2234 1087 2289 ausus
1117 2233 1471 2274 concurrere
1502 2208 1769 2273 cominus
1796 2210 1965 2285 hosti,

362 2316 665 2398 Intorquet
682 2313 950 2399 jaculum
976 2336 991 2373 ε
1038 2314 1196 2395 quod
1228 2312 1433 2374 detulit
1462 2334 1622 2375 error
1651 2313 1709 2374 in
1737 2312 1905 2387 Idan,
2232 2321 2273 2377 7
2279 2322 2313 2377 5

258 2426 262 2428 ‘
364 2415 698 2501 Expertem
729 2414 939 2478 frustra
957 2415 1112 2491 belli,
1145 2429 1204 2478 et
1230 2428 1439 2477 neutra
1468 2436 1633 2479 arma
1654 2428 1943 2477 secutum.

363 2522 468 2586 llle
497 2536 669 2586 tuens
697 2522 882 2586 oculis
910 2511 1195 2594 immitem
1226 2521 1459 2584 Phinea
1486 2522 1683 2598 torvis,

367 2637 383 2668 ‘
405 2627 909 2713 Quandoquidem
939 2630 998 2690 in
1017 2643 1230 2711 partes,
1252 2628 1268 2658 ’
1301 2627 1398 2704 ait,
1424 2635 1441 2665 ‘
1467 2628 1787 2704 abstrahor,
1810 2626 2035 2711 accipe,
2056 2624 2307 2703 Phineu,

366 2734 572 2809 Quem
602 2736 789 2798 fecisti
817 2736 1068 2808 hostem,
1097 2754 1402 2815 pensaque
1433 2734 1548 2796 hoc
1577 2734 1819 2795 vulnere
1850 2732 2098 2795 vulnus.’

366 2835 621 2918 Jamque
651 2836 999 2897 remissurus
1027 2846 1279 2894 tractum
1313 2833 1388 2894 de
1421 2854 1670 2915 corpore
1700 2833 1884 2896 telum
2229 2836 2314 2894 80

368 2936 668 3018 Sanguine
699 2932 966 2996 defectos
994 2933 1211 2995 cecidit
1240 2933 1535 3018 collapsus
1564 2934 1621 2997 in
1654 2950 1834 2998 artus·

453 3038 577 3103 Hic
609 3060 842 3123 quoque
875 3036 1232 3121 Cephenum
1254 3052 1387 3123 post
1413 3062 1618 3124 regem
1646 3041 1869 3125 primus
1900 3040 2112 3105 Odites

364 3145 533 3211 Ense
553 3144 718 3228 jacet
747 3142 1025 3228 Clymeni
1054 3166 1069 3205 τ
1114 3141 1444 3230 Protenora
1472 3148 1722 3230 perculit
1751 3145 2036 3230 Hypseus
2061 3168 2078 3208 ε

367 3239 620 3326 Hypsea
649 3241 973 3326 Lyncides.
1066 3241 1208 3306 Fuit
1237 3257 1295 3306 et
1324 3245 1665 3327 grandaevus
1687 3246 1745 3307 in
1773 3245 1883 3308 illis

366 3345 708 3423 Emathion,
741 3350 889 3430 aequi
919 3348 1126 3422 cultor,
1156 3347 1511 3431 timidusque
1543 3349 1791 3412 deorum
1818 3371 1835 3411 τ
2191 3333 2198 3338 ’
2227 3352 2306 3411 85

368 3446 572 3521 Quem
606 3450 880 3533 quoniam
911 3450 1221 3533 prohibent
1250 3450 1383 3514 anni
1410 3450 1652 3527 bellare,
1682 3451 1981 3534 loquendo

360 3550 639 3635 Pugnat3
683 3566 744 3613 et
769 3551 1022 3627 incessit,
1053 3552 1456 3635 scelerataque
1481 3552 1732 3615 devovet
1761 3574 1943 3616 arma.

365 3653 532 3720 Huic
560 3654 840 3719 Chromis
870 3655 1148 3738 amplexo
1176 3656 1440 3719 tremulis
1470 3657 1668 3722 altaria
1695 3658 1904 3741 palmis
