2622 4207
336 330 422 393 30
921 329 1685 389 METAMORPHOSEON

339 483 646 572 Quodque
675 507 784 552 suo
813 486 1023 573 Tagus
1046 511 1221 554 amne
1250 491 1430 568 vehit,
1461 490 1590 554 fluit
1615 491 1868 575 ignibuS,
1898 510 2131 552 aurum.
2177 493 2313 555 25⁰

338 586 441 666 Et,
474 610 602 674 quae
633 589 920 655 Maeonias
948 593 1323 658 celebrarant
1351 594 1616 657 carmine
1645 594 1821 678 ripaS,

340 690 667 757 Flumineae
701 695 973 759 volucres
1001 697 1204 760 medio
1225 696 1470 760 caluere
1500 695 1781 781 Caystro.

336 792 514 862 Nilus
543 796 601 858 in
632 811 967 862 extremum
999 798 1145 885 fugit
1172 800 1516 885 perterritus
1545 801 1777 877 orbem,

338 899 737 986 Occuluitque
766 918 965 989 caput,
998 906 1158 988 quod
1190 905 1389 969 adhuc
1418 905 1579 968 latet.
1674 903 1844 967 Ostia
1872 918 2103 989 septem
2154 910 2204 924 ‘⁸

335 1005 757 1073 Pulverulenta
786 1024 1018 1088 vacant,
1049 1024 1282 1095 septem
1313 1010 1437 1074 sine
1466 1008 1709 1073 flumine
1739 1009 1942 1072 valles.
2172 1013 2300 1072 255

335 1111 491 1178 Fors
520 1115 737 1179 eadem
759 1116 1036 1181 Ismarios
1065 1116 1344 1181 Hebrum
1373 1139 1516 1181 cum
1547 1115 1866 1201 Strymone
1897 1116 2100 1193 siccat,

335 1219 786 1307 Hesperiosque
811 1244 1037 1300 amnes,
1056 1222 1364 1301 Rhenum,
1385 1222 1893 1306 Rhodanumque,
1917 1221 2298 1307 Padumque,

334 1325 575 1412 Cuique
606 1327 712 1392 fuit
740 1351 941 1393 rerum
969 1330 1260 1415 promissa
1286 1330 1568 1414 potentia,
1598 1328 1897 1414 Thybrin.

332 1434 561 1499 Dissilit
587 1458 764 1500 omne
795 1437 987 1501 solum
1011 1460 1031 1517 3
1074 1451 1464 1522 penetratque
1494 1438 1555 1501 in
1580 1435 1838 1501 Tartara
1865 1437 2030 1501 rimis

329 1536 593 1617 Lumen,
614 1555 677 1604 et
702 1538 996 1604 infernum
1021 1555 1203 1605 terret
1231 1563 1372 1604 cum
1401 1540 1654 1626 conjuge
1684 1563 1913 1625 regem.
2173 1544 2303 1605 260

331 1640 418 1708 Et
446 1666 613 1708 mare
643 1645 1045 1709 contrahitur:
1090 1645 1385 1730 siccaeque
1418 1659 1507 1708 est
1536 1666 1785 1729 campus
1816 1667 2029 1722 arenae,

331 1747 522 1825 Quod
550 1749 734 1814 modo
763 1764 974 1836 pontus
1004 1764 1150 1814 erat.
1243 1749 1538 1835 Quosque
1569 1750 1752 1814 altum
1782 1762 2016 1814 texerat
2046 1769 2269 1835 aequor,

332 1854 646 1922 Exsistunt
665 1872 919 1936 monteS,
950 1871 1010 1921 et
1039 1878 1272 1943 sparsas
1303 1855 1612 1942 Cycladas
1642 1869 1880 1939 augent.
1970 1939 1978 1949 ἱ

328 1960 463 2039 Ima
489 1976 696 2047 petunt
724 1963 921 2046 pisces
946 1986 962 2025 z
1006 1985 1121 2025 nec
1152 1984 1218 2026 se
1250 1966 1429 2045 super
1459 1983 1696 2046 aequora
1724 1962 1893 2024 curvi

329 2065 577 2131 Tollere
607 2080 922 2131 consuetas
953 2066 1174 2129 audent
1196 2066 1506 2149 delphines
1534 2067 1594 2127 in
1626 2087 1818 2127 auras·
2169 2069 2299 2130 265

332 2171 607 2257 Corpora
634 2173 965 2256 phocarum
996 2193 1231 2233 summo
1260 2171 1541 2255 resupina
1569 2170 1866 2254 profundo

326 2276 695 2346 Exanimata
712 2276 937 2363 jacent.
1028 2276 1232 2360 Ipsum
1264 2296 1501 2359 quoque
1534 2275 1741 2339 Nerea
1769 2273 1930 2339 fama
1961 2290 2068 2354 est,
2175 2315 2181 2321 ·

246 2381 249 2382 ⁷
327 2382 701 2468 Doridaque,
732 2395 793 2445 et
819 2395 1007 2458 nataS,
1037 2380 1249 2466 tepidis
1278 2381 1515 2444 latuisse
1547 2382 1654 2445 sub
1685 2381 1881 2462 antris.

327 2488 460 2556 Ter
487 2489 808 2576 Neptunus
837 2490 1004 2574 aquis
1036 2510 1178 2554 cum
1205 2503 1373 2553 torvo
1400 2488 1647 2552 brachia
1672 2489 1836 2552 vultu

330 2592 638 2661 Exserere
662 2587 840 2659 ausus
869 2607 1038 2657 erat:
1081 2607 1173 2657 ter
1200 2614 1321 2656 non
1349 2591 1478 2657 tulit
1506 2592 1659 2656 aeris
1689 2605 1885 2655 aestus.
2161 2596 2296 2656 270

414 2703 597 2766 Alma
624 2714 824 2765 tamen
853 2697 1084 2777 TelluS,
1116 2712 1181 2760 ut
1210 2711 1338 2760 erat
1366 2697 1733 2761 circumdata
1761 2710 1963 2780 ponto,

327 2804 488 2870 Inter
518 2823 702 2887 aquas
730 2799 945 2885 pelagi,
974 2811 1308 2862 contractos
1338 2797 1598 2880 undique
1629 2796 1838 2876 fontes,

331 2906 458 2984 Qui
487 2928 553 2971 se
584 2905 972 2970 condiderant
1000 2903 1061 2965 in
1090 2922 1295 2986 opacae
1326 2901 1558 2964 viscera
1586 2904 1787 2967 matris
1811 2926 1832 2984 ;

332 3012 579 3077 Sustulit
606 3008 925 3075 omniseros
953 3001 1309 3073 collotenus
1339 3008 1505 3072 arida
1531 3009 1728 3072 vultus
1755 3033 1771 3074 ε

330 3117 745 3204 opposuitque
773 3136 1018 3179 manum
1040 3113 1211 3178 fionti
1238 3136 1255 3177 x
1298 3136 1636 3200 magnoque
1666 3130 1925 3183 tremore
2162 3123 2288 3189 275

327 3225 553 3293 Omnia
579 3223 924 3290 concutiens
950 3223 1198 3309 paulum
1225 3224 1490 3288 subsedit
1512 3246 1532 3305 3
1578 3237 1638 3288 et
1663 3224 1835 3303 infla,

328 3328 536 3407 Quam
564 3331 716 3395 solet
744 3352 900 3408 esse,
928 3328 1076 3395 fuit:
1119 3328 1402 3415 siccaque
1432 3331 1512 3395 ita
1537 3352 1690 3395 voce
1716 3332 1913 3395 locuta
1942 3348 2071 3397 est:

328 3443 349 3480 ‘
369 3437 440 3505 Si
468 3437 668 3524 placet
692 3438 830 3515 hoc,
858 3436 1186 3522 meruique,
1217 3437 1361 3523 quid
1389 3459 1427 3502 o
1455 3452 1560 3501 tua
1586 3436 1830 3501 fulmina
1856 3452 2112 3517 cessant,

320 3542 583 3620 Summe
612 3540 846 3607 desim?
892 3540 1107 3607 Liceat
1144 3543 1413 3627 periturae
1441 3543 1658 3607 viribus
1685 3543 1852 3627 ignis,

309 3639 473 3732 'igne
501 3645 694 3732 perire
721 3659 825 3709 tuo
848 3667 867 3726 3
909 3645 1264 3730 clademque
1296 3659 1539 3710 auctore
1568 3646 1789 3710 levare.
2153 3647 2286 3710 280

326 3748 453 3818 Vix
479 3752 760 3840 equidem
785 3749 994 3817 fauces
1019 3750 1149 3816 haec
1176 3752 1305 3837 ipsa
1331 3751 1394 3815 in
1421 3752 1607 3817 verba
1632 3752 1905 3829 resolvo,’
