2622 4207
1764 111 1855 170 ι

1084 225 1315 315 LIBER
1340 226 1506 297 xm.
1562 260 1577 283 .
1719 196 1732 211 '
2138 229 2254 287 127

311 380 593 468 Altaque}
625 404 799 468 posse
830 384 962 466 capi
988 370 1281 458 faciendis,
1316 362 1615 465 Pergama
1645 384 1801 466 cepi.
1880 400 1887 407 ·

313 490 439 552 Per
470 512 605 573 spes
634 513 787 553 nunc
819 491 1029 564 sociaS,
1059 511 1382 572 casuraque
1414 490 1636 551 moenia
1664 487 1915 561 Troum,
2131 486 2254 546 375

313 590 554 676 Perque
587 596 730 656 deos
760 617 885 670 om,
919 617 1062 677 quos
1091 595 1242 656 hosti
1269 616 1461 677 nuper
1493 593 1689 655 ademi
1715 615 1734 670 3

313 699 457 773 Per,
490 700 536 761 si
559 701 697 782 quid
726 714 1009 782 superest,
1041 701 1199 783 quod
1231 700 1302 761 sit
1331 699 1621 781 sapienter
1650 699 1983 780 agendum3

242 854 256 863 .
318 802 382 862 Si
409 803 546 884 quid
579 805 770 865 adhuc
802 806 1019 880 audax,
1052 826 1131 866 ex
1159 804 1558 887 praecipitique
1590 803 1909 886 petendum
1937 824 1957 880 3

318 906 383 967 Si
415 907 609 991 Trojae
641 908 768 971 fatis
799 910 1015 991 aliquid
1045 923 1264 971 restare
1295 909 1548 990 putatis3

316 1008 481 1072 Este‘
497 1013 616 1073 mei
645 1035 941 1074 memores
967 1035 982 1073 5
1030 1027 1130 1074 aut
1158 1014 1205 1073 si
1235 1013 1377 1071 mihi
1400 1033 1516 1072 non
1550 1011 1696 1073 datis
1726 1033 1886 1072 arma
1913 1034 1932 1088 3
2133 1015 2287 1087 380(

312 1113 477 1177 Huic
510 1117 689 1177 date.’
779 1115 864 1176 Et
883 1117 1136 1178 ostendit
1164 1116 1392 1196 signum
1422 1113 1597 1176 fatale
1627 1115 1929 1177 Minervae.

403 1219 577 1280 Mota
606 1215 814 1281 manus
844 1242 1158 1301 procerum
1189 1233 1278 1281 est
1304 1242 1320 1279 5
1366 1233 1442 1295 et,
1475 1220 1615 1301 quid
1645 1219 1919 1282 facundia
1946 1233 2163 1303 posset,

313 1323 417 1386 Re
447 1325 674 1406 patuit3
718 1322 995 1407 fortisque
1027 1325 1130 1386 viri
1170 1325 1297 1388 tulit
1327 1346 1489 1386 arma
1523 1324 1789 1387 disertus.
1874 1352 1879 1355 ·

315 1427 584 1490 Hectora
613 1430 707 1511 qui
739 1431 915 1505 solus,
948 1431 1041 1513 qui
1063 1428 1303 1506 ferrum,
1326 1429 1663 1512 ignemque,
1693 1429 2026 1515 Jovemque

318 1532 599 1595 Sustinuit
622 1535 789 1597 toties
815 1558 833 1613 3
882 1557 1058 1597 unam
1086 1559 1200 1597 non
1234 1535 1476 1597 sustinet
1504 1536 1651 1596 iram
1677 1558 1692 1596 5
2134 1540 2257 1598 385

311 1627 715 1720 Invictumque
744 1641 934 1701 virum
963 1641 1137 1707 vincit
1166 1641 1354 1702 dolor.
1446 1641 1664 1721 Arripit
1693 1662 1897 1702 ensem
1926 1661 1942 1700 5

315 1741 417 1818 Et,
452 1751 467 1779 ·'
494 1743 671 1805 Meus
700 1744 796 1804 hic
828 1743 990 1804 certe·
1023 1758 1129 1805 est.
1176 1746 1275 1804 An
1304 1759 1365 1805 et
1408 1745 1569 1804 hunc
1599 1743 1705 1804 sibi
1734 1757 1941 1825 poscet
1965 1741 2261 1826 Ulysses?

313 1847 499 1921 Hoc,’
532 1848 628 1922 ait,
662 1854 677 1882 ‘
697 1848 987 1908 utendum
1018 1862 1105 1909 est
1138 1848 1196 1908 in
1238 1869 1338 1908 me
1363 1849 1505 1910 mihi
1535 1871 1551 1909 5
1597 1848 1811 1931 quique
1843 1868 2050 1910 cruore

317 1953 496 2034 Saepe
528 1951 838 2035 Phrygum
866 1952 1111 2028 maduit,
1143 1953 1364 2015 domini
1394 1976 1551 2016 nunc
1583 1954 1749 2016 caede
1779 1954 2040 2017 madebit
2065 1976 2082 2015 5

315 2055 415 2120 Ne
449 2057 758 2140 quisquam
788 2057 1042 2141 Ajacem
1074 2059 1251 2142 possit
1281 2082 1581 2144 superare,
1612 2060 1722 2124 nisi
1750 2058 1953 2145 Ajax.’
2136 2062 2263 2124 390
2333 2066 2341 2071 '

315 2161 485 2225 Dixit
512 2185 526 2223 5
573 2176 633 2224 et
660 2164 718 2224 in
747 2178 975 2245 pectus,
1006 2178 1130 2227 tum
1162 2166 1417 2250 denique
1447 2170 1690 2231 vulnera
1717 2165 1978 2252 passum,

318 2265 669 2350 Quapatuit
700 2266 874 2352 ferro,
905 2270 1136 2333 letalem
1168 2273 1433 2336 condidit
1463 2291 1666 2337 ensem
1691 2296 1705 2334 5

316 2371 453 2433 Nec
483 2372 721 2454 valuere
750 2395 960 2436 manus
988 2376 1236 2437 infixum
1267 2379 1529 2440 educere
1559 2380 1744 2440 telum
1777 2400 1793 2438 5

318 2475 565 2559 Expulit
592 2478 717 2560 ipse
749 2500 921 2540 cruor
948 2501 980 2538 5
1008 2479 1433 2563 rubefactaque
1465 2480 1949 2562 sanguinetellus

318 2579 694 2665 Purpureum
723 2583 890 2644 viridi
920 2584 1119 2665 genuit
1147 2584 1222 2645 de
1254 2579 1475 2667 cespite
1506 2584 1734 2659 florem,
2141 2588 2263 2647 395

320 2684 441 2759 Qui
464 2688 623 2769 prius
652 2687 897 2750 OEbalio
928 2686 1118 2751 fuerat
1148 2690 1223 2751 de
1253 2691 1495 2764 vulnere
1517 2704 1706 2754 natus.

319 2790 880 2858 Literaccommunis
912 2793 1122 2868 mediis
1148 2816 1454 2879 pueroque
1485 2797 1725 2880 viroque

319 2895 604 2981 Inscripta
636 2912 725 2960 est
753 2896 900 2966 foliis
929 2921 944 2960 5
987 2900 1124 2970 haec
1154 2902 1423 2980 nominis,
1455 2903 1554 2966 illa
1584 2904 1859 2990 querelae.

811 3173 1072 3217 RE'CUBA
1120 3175 1191 3216 IN
1239 3175 1461 3216 CANEM
1504 3173 1784 3218 HUTATA.

1160 3346 1223 3386 v.
1256 3331 1408 3388 404.

319 3446 503 3533 Troja
535 3450 705 3511 simul
735 3448 1126 3534 Priamusque
1158 3452 1377 3513 cadunt
1403 3473 1417 3511 5
1464 3449 1763 3517 Priameia
1791 3450 2008 3542 conjux
2177 3536 2185 3540 ,

319 3550 591 3616 Perdidit
617 3552 818 3615 infelix
847 3555 1098 3618 hominis
1126 3570 1259 3638 post
1278 3556 1476 3617 omnia
1504 3555 1753 3623 sormam
1779 3583 1798 3640 5
2142 3565 2268 3621 400

320 3656 736 3743 Externasque
768 3681 922 3723 novo
940 3663 1151 3724 latratu
1181 3661 1385 3723 terruit
1413 3683 1603 3727 auras,
