2622 4207
373 286 494 345 164
1124 256 1526 326 Hss'rtomns.

367 437 564 499 Omne
596 435 743 497 latus
771 446 937 495 terrae
968 431 1146 513 cingit
1173 450 1358 492 mare.
1450 425 1669 489 Navita
1696 442 1989 505 nusquam
2017 445 2030 482 ε

454 542 633 604 Nulla
662 562 769 623 per
800 538 1101 620 ambiguas
1133 535 1345 619 puppis
1372 534 1519 595 itura
1547 531 1692 592 vias.

368 646 558 730 Finge
590 646 714 707 dari
744 645 1106 726 comitesque
1137 641 1297 716 mihi,
1330 652 1674 721 ventosque,
1703 647 2011 717 ratemque
2037 655 2057 711 ;

455 751 620 825 Quid
651 748 911 833 sequar?
942 749 1240 811 Accessus
1267 759 1423 808 terra
1450 757 1695 827 paterna
1721 752 1919 821 negat.

369 856 456 920 Ut
477 871 601 920 rate
630 855 786 919 felici
814 869 1025 939 pacata
1055 875 1161 936 per
1191 873 1428 936 aequora
1466 850 1666 926 labar3

456 962 788 1045 Temperet
815 974 879 1023 ut
905 974 1109 1022 ventos
1138 958 1349 1021 AEolus
1373 979 1392 1035 ;
1421 954 1591 1018 exsul
1620 974 1746 1016 ero.

372 1068 512 1132 Non
543 1089 655 1149 ego
683 1079 763 1143 te,
796 1064 1004 1141 Crete,
1035 1077 1275 1128 eentum
1304 1063 1530 1145 digesta
1557 1080 1664 1142 per
1708 1056 1903 1131 urbeS,

461 1156 828 1256 Adspiciam,
859 1194 1046 1255 puero
1074 1170 1303 1252 cognita
1334 1182 1488 1231 terra
1522 1164 1676 1227 Jovi.

375 1279 536 1342 Nam
566 1293 751 1361 pater,
783 1290 843 1338 et
869 1278 1041 1339 tellus
1058 1276 1219 1359 justo
1249 1286 1489 1356 regnata
1517 1269 1764 1355 parenti,

464 1383 705 1444 Prodita
738 1395 868 1442 sunt
896 1380 1070 1455 facte,
1102 1380 1339 1441 nomina
1368 1399 1528 1451 cara,
1563 1398 1724 1438 meo.

377 1486 538 1550 Cum
567 1488 691 1562 tibi,
722 1507 798 1547 ne
826 1485 1009 1547 victor
1037 1497 1194 1546 teoto
1224 1503 1524 1545 morerere
1552 1502 1822 1557 recurv0,

463 1590 618 1664 Quae
649 1604 922 1673 regerent
949 1611 1155 1672 passus
1183 1609 1290 1672 pro
1320 1588 1474 1650 duce
1505 1586 1603 1648 fila·
1646 1585 1807 1648 dedi.

379 1696 541 1761 Cum
570 1696 710 1759 mihi
740 1696 999 1771 dicebaS,
1032 1702 1049 1732 ‘
1071 1695 1192 1759 Per
1221 1716 1335 1777 ego
1364 1695 1487 1777 ipsa
1516 1691 1777 1776 pericula
1794 1690 1954 1776 jum,

465 1801 564 1865 Te
596 1800 741 1878 sore,
773 1803 914 1863 dum
946 1800 1208 1865 nostrum
1236 1801 1392 1867 vivet
1419 1811 1687 1881 uterque,
1717 1796 1971 1859 meam!-

382 1907 689 1970 Vivimus:
736 1921 797 1971 et
824 1931 941 1970 non
972 1929 1123 1982 sum,
1154 1906 1425 1980 Theseu,
1459 1922 1555 1967 tua
1582 1926 1598 1966 ε
1628 1904 1676 1965 si
1706 1900 1887 1965 modo
1915 1903 2079 1983 viviS,

474 2011 768 2087 Foemina,
797 2012 1014 2095 perjuri
1044 2010 1250 2073 fraude
1279 2011 1507 2091 sepulta
1538 2009 1673 2070 viri,

385 2117 493 2181 Me
518 2138 771 2201 quoque,
803 2118 921 2199 qua
947 2115 1205 2190 fratrem,
1237 2114 1579 2188 mactasseS,
1607 2114 1897 2198 improbe,
1928 2112 2120 2177 clava.

475 2221 672 2296 Esset,
704 2242 878 2302 quam
911 2220 1181 2293 dederaS,
1212 2233 1399 2281 morte
1432 2220 1616 2282 soluta
1645 2221 1815 2282 fides.

388 2325 567 2388 Nunc
598 2346 711 2406 ego
739 2346 853 2385 non
883 2324 1126 2400 tantum,
1159 2345 1286 2408 quae
1319 2347 1450 2387 sum
1480 2346 1738 2407 passura,
1767 2324 2050 2386 recordor
2074 2347 2094 2404 3

479 2430 604 2492 Sed
636 2450 998 2513 quaecunque
1029 2444 1221 2513 potest
1249 2431 1365 2494 ulla
1387 2431 1588 2494 relicta
1619 2428 1758 2512 pati.

394 2536 731 2600 Occurrunt
761 2537 952 2599 animo
980 2538 1264 2621 pereundi
1294 2538 1452 2600 mille
1482 2537 1678 2619 figurae
1705 2557 1722 2597 z

478 2641 762 2727 Morsque
793 2644 984 2705 minus
1011 2665 1222 2726 poenae,
1254 2644 1432 2727 quam
1460 2664 1626 2706 mora
1670 2640 1888 2716 mortiS,
1917 2640 2117 2705 habet.

392 2746 530 2810 Jam
565 2747 693 2831 jam
721 2763 996 2811 venturos
1026 2763 1123 2810 aut
1151 2747 1286 2822 hae,
1319 2762 1417 2810 aut
1447 2747 1709 2828 suspicor
1737 2745 1894 2822 illae,

483 2850 607 2924 Qui
637 2852 856 2913 lanient
884 2852 1055 2913 avido
1084 2852 1311 2912 viscera
1340 2852 1537 2925 dente,
1568 2852 1762 2932 lupos.

400 2954 667 3017 Forsitan
696 2968 754 3015 et
781 2953 968 3015 fulvos
995 2954 1164 3015 tellus
1193 2938 1308 3016 alat
1337 2955 1443 3015 ista
1473 2954 1696 3017 leones.

484 3057 640 3130 Quis
669 3058 795 3133 scit,
828 3080 901 3119 an
930 3057 1056 3120 haec
1088 3079 1274 3134 saevas
1296 3058 1534 3141 tigridas
1562 3060 1749 3124 insula
1770 3062 1996 3126 habet?

401 3158 485 3225 Et
514 3160 660 3224 freta
690 3162 957 3226 dicuntur
984 3185 1227 3246 magnas
1256 3165 1555 3247 expellere
1582 3168 1826 3250 phocas.

489 3265 657 3339 Quid
686 3281 842 3330 vetat
871 3283 932 3331 et
959 3268 1181 3351 gladios
1211 3291 1317 3353 per
1344 3271 1496 3334 latus
1523 3273 1608 3335 ire
1638 3272 1890 3337 meum?

401 3370 664 3435 Tantum
694 3394 768 3434 ne
798 3374 1008 3456 religer
1037 3374 1186 3437 durii
1212 3377 1443 3459 captiva
1471 3378 1725 3459 eatena3

492 3474 666 3540 Neve
695 3477 920 3539 traham
952 3478 1123 3542 serva
1151 3480 1391 3561 grandia
1417 3504 1601 3565 pensa
1630 3504 1807 3545 manu
1834 3507 1849 3546 :

407 3581 525 3645 Cui
554 3596 719 3665 pater
741 3594 830 3645 est
859 3581 1076 3659 Minos,
1106 3585 1202 3647 eui
1231 3600 1417 3648 mater
1447 3587 1562 3650 filia
1591 3587 1807 3651 Phoebi
1832 3611 1850 3649 t

492 3685 798 3768 Quodque
827 3685 1015 3769 magis
1042 3690 1302 3766 memini,
1335 3712 1462 3773 quae
1492 3692 1591 3757 tibi
1620 3708 1795 3775 pacta
1822 3693 1923 3756 sui.

2239 847 2318 908 65

2244 1380 2323 1436 70

2244 1907 2323 1964 75

2248 2436 2326 2493 80

2256 2964 2333 3022 85

2263 3489 2341 3549 90
