2622 4207
423 306 541 363 124
1047 295 1802 353 METAMORPHOSEON

413 455 539 516 Sed
569 470 769 518 tamen
794 470 1037 519 eventus
1066 468 1292 529 vestrae,
1325 453 1655 528 fortissime,
1686 474 1893 535 pugnae

409 559 563 633 Quis
593 561 745 624 suit?
794 560 1023 623 Hector
1055 561 1172 623 abit
1199 560 1445 621 violatus
1474 559 1712 619 vulnere
1744 558 1922 619 nullo.
2026 616 2035 621 -

494 666 601 728 Me
632 668 931 742 miserum,
965 681 1178 749 quanto
1210 687 1391 748 cogor
1421 665 1757 726 meminisse
1791 665 1993 726 dolore
2231 671 2361 727 280

405 771 723 854 Temporis
753 772 939 849 illius;
987 794 1122 854 quo,
1156 770 1407 854 Grajfim
1436 791 1658 844 murus,
1689 770 1954 831 Achilles

403 877 731 939 Procubuit
757 879 770 938 Ξ
822 877 959 939 Nec
990 899 1087 938 me
1111 877 1411 958 lacrymae,
1441 877 1730 950 luctusve,
1760 875 2006 937 timorve

402 982 763 1056 Tardarunt,
796 984 934 1065 quin
966 1004 1179 1064 corpus
1208 983 1391 1044 humo
1422 981 1669 1043 sublime
1700 980 2005 1042 referrem.

403 1086 519 1149 His
548 1088 826 1162 humeris,
859 1089 967 1162 his,
1000 1088 1258 1170 inquam,
1290 1087 1551 1149 humeris
1581 1108 1694 1168 ego
1723 1108 1938 1166 corpus
1969 1086 2237 1160 Achillis,

403 1191 487 1254 Et
516 1193 686 1254 simul
715 1214 879 1254 arma
907 1192 1008 1253 tuli
1035 1214 1050 1251 t
1097 1213 1223 1272 quae
1254 1213 1412 1251 nunc
1444 1212 1679 1272 quoque
1712 1189 1863 1250 serre
1894 1190 2116 1252 laboro·
2225 1195 2353 1252 285

404 1296 555 1357 Sunt
583 1297 747 1371 mihi,
779 1318 907 1378 quae
931 1296 1162 1357 valeant
1190 1295 1248 1355 in
1277 1294 1415 1356 talia
1443 1294 1728 1375 pondera,
1761 1293 1913 1355 vires
1937 1315 1952 1353 z

401 1400 514 1462 Est
544 1402 771 1470 animus
800 1415 1024 1462 vestros
1054 1400 1215 1462 certe
1248 1420 1527 1461 sensurus
1558 1399 1834 1461 honoreS.

403 1505 647 1567 Scilicet
677 1506 899 1567 idcirco
929 1528 1037 1588 pro
1070 1519 1242 1588 gnato
1272 1504 1489 1566 caerula
1517 1518 1707 1565 mater

399 1610 728 1673 Ambitiosa
758 1633 864 1673 suo
895 1609 1018 1686 fuit,
1047 1625 1113 1673 ut
1142 1609 1404 1673 coelestia
1435 1609 1609 1684 dona,

398 1715 561 1778 Artis
589 1738 738 1798 opus
766 1730 958 1791 tantae,
989 1717 1147 1779 rudis
1178 1730 1236 1778 et
1266 1716 1389 1777 sine
1421 1728 1662 1799 pectore
1693 1716 1862 1778 miles
2224 1719 2348 1778 290

398 1819 730 1884 Indueret?
777 1843 971 1906 neque
1004 1824 1162 1884 enim
1192 1821 1386 1904 clypei
1417 1822 1722 1884 caelamina
1752 1820 1921 1896 norit,

397 1924 733 2001 Oceanum,
760 1942 820 1988 et
849 1946 1053 2002 terram,
1085 1948 1345 2008 cumque
1375 1928 1492 1989 alto
1523 1927 1715 1989 sidera
1745 1927 1920 2001 coe10,

395 2027 815 2111 Pleiadasque,
849 2030 1238 2112 Hyadasque,
1270 2031 1710 2112 immunemque
1742 2030 1990 2111 aequoris
2020 2031 2264 2106 Arcton,

395 2131 796 2214 Diversasque
825 2134 1022 2206 urbes,
1053 2133 1417 2212 nitidumque
1450 2133 1685 2194 Orionis
1716 2154 1942 2195 ensem.

395 2233 663 2297 Postulat
692 2249 755 2296 ut
783 2237 995 2316 capiat,
1027 2256 1154 2316 quae
1185 2257 1301 2296 non
1339 2235 1619 2317 intelligit,
1655 2258 1839 2298 arma.
2222 2244 2339 2305 295

482 2335 697 2411 Quidt?
744 2337 905 2421 quod
934 2359 1053 2412 me,
1086 2339 1211 2399 duri
1244 2337 1568 2419 fugientem
1596 2362 1841 2403 munera
1869 2342 2028 2419 belli,

397 2444 609 2527 Arguit
636 2444 872 2527 incepto
903 2465 1100 2507 serum
1132 2443 1454 2511 accessisse
1484 2445 1665 2508 labori
1698 2449 1723 2508 ἓ

395 2550 533 2612 Nec
564 2573 628 2613 se
659 2551 1032 2633 magnanimo
1061 2549 1421 2612 maledicere
1458 2551 1628 2613 sentit
1656 2552 1913 2615 Achilli?

398 2655 464 2719 Si
496 2656 800 2720 simulasse
829 2671 1003 2719 vocat
1031 2657 1274 2731 crimen,
1308 2657 1707 2721 simulavimus
1736 2659 1930 2721 ambo.

399 2761 464 2822 Si
495 2783 663 2823 mora
690 2784 800 2843 pro
830 2760 1006 2842 culpa
1035 2774 1122 2822 est
1147 2783 1165 2837 3
1210 2782 1324 2841 ego
1355 2782 1485 2821 sum
1514 2763 1791 2823 maturior
1814 2764 1931 2825 illo.
2224 2771 2342 2828 300
2377 2821 2393 2831 .

395 2865 503 2926 Me
533 2866 632 2947 pia
662 2865 907 2927 detinuit
933 2865 1151 2945 conjux
1179 2886 1194 2924 z
1238 2864 1336 2944 pia
1364 2878 1551 2925 mater
1579 2866 1849 2929 Achillen
1874 2891 1889 2929 z

396 2967 716 3049 Primaque
749 2982 881 3028 sunt
908 2968 1016 3028 illis
1046 2967 1183 3028 data
1211 2966 1499 3048 tempora,
1530 2984 1741 3033 caetera
1771 2974 1955 3037 vobis.

398 3071 584 3135 Haud
610 3073 809 3148 timeo,
842 3073 889 3134 si
909 3073 1036 3157 jam
1068 3093 1302 3154 nequeo
1336 3071 1659 3138 defendere
1690 3078 1915 3141 crimen

295 3171 309 3178 i
396 3176 559 3240 Cum
587 3191 747 3240 tanto
777 3200 1092 3241 commune
1124 3178 1267 3241 viro.
1360 3179 1707 3263 Deprensus
1741 3181 1970 3265 Ulyssis

287 3323 298 3328 x
391 3282 637 3365 ingenio
668 3297 865 3348 tamen
894 3286 990 3347 ille
1017 3308 1035 3363 3
1081 3298 1138 3347 at
1165 3306 1282 3347 non
1315 3284 1536 3368 AjaciS,
1568 3284 1838 3368 Ulysses.
2216 3297 2339 3356 305

480 3384 655 3446 Neve
684 3386 744 3447 in
775 3408 873 3448 me
904 3387 1123 3449 stolidae
1156 3386 1421 3449 convicia
1452 3385 1698 3450 fundere
1728 3390 1936 3472 linguoe

315 3499 324 3506 “
396 3489 779 3552 Admiremur
809 3513 985 3553 eum:
1030 3493 1194 3555 vobis
1225 3514 1459 3576 quoque
1494 3493 1669 3575 digna
1699 3495 1925 3576 pudore
1972 3539 1977 3540 ff

394 3594 632 3679 objicit.
722 3597 821 3659 An
850 3595 996 3658 falso
1027 3596 1394 3660 Palameden
1424 3598 1668 3661 crimine
1702 3613 1870 3682 turpe

390 3700 726 3765 Accusasse
757 3700 917 3773 mihi,
948 3702 1111 3764 vobis
1143 3702 1456 3767 damnasse
1489 3704 1773 3768 decorum
1804 3706 1935 3769 est?
