2622 4207
400 296 518 354 136
984 280 1742 344 METAMORPHOSEON

385 443 549 505 Cum
577 465 807 506 memor
835 445 942 506 has
970 444 1140 527 pinus
1181 443 1341 505 Idaeo
1371 444 1591 505 vertice
1621 464 1803 505 caesas

382 547 604 611 Sancta
636 549 815 612 defim
845 549 1111 632 genitrix,
1142 549 1436 611 tinnitibus
1465 553 1606 611 aera
1635 547 1785 630 pulsi

378 653 561 729 AEriS,
593 668 652 716 et
679 654 858 716 inflati
887 655 1203 736 complevit
1231 675 1531 731 murmure
1571 653 1737 714 buxi.

377 757 621 841 Perque
652 759 812 820 leves
835 758 1067 821 domitis
1096 759 1329 820 invecta
1357 759 1623 820 leonibus
1654 778 1847 833 auraS,
2259 763 2340 819 30

378 870 394 899 ‘
418 863 586 925 Irrita
610 862 895 945 sacrilega
912 862 1105 947 jactas
1128 863 1405 926 incendia
1437 862 1666 938 dextra,

370 966 619 1043 Turne,’
651 969 747 1030 ait.
839 973 856 1004 ‘
881 967 1149 1051 Eripiam
1176 990 1193 1043 3
1221 976 1372 1041 'nec,
1402 988 1501 1027 me
1540 966 1817 1048 patiente,
1851 965 2136 1028 cremabit

370 1072 528 1155 Ignis
559 1074 718 1136 edax
747 1094 1058 1135 nemorum
1087 1085 1284 1155 partes
1315 1084 1374 1132 et
1402 1072 1671 1134 membra
1699 1071 2013 1135 meorum.’

369 1177 629 1240 Intonuit
659 1180 891 1241 dicente
924 1178 1083 1241 dea:
1129 1178 1522 1260 tonitrumque
1567 1177 1753 1239 secuti
2110 1244 2113 1247 ,

370 1282 532 1345 Cum
562 1284 803 1347 saliente
832 1305 1042 1365 graves
1071 1282 1421 1344 ceciderunt
1453 1282 1737 1364 grandine
1766 1281 1947 1342 nimbi
1974 1303 1989 1341 ε
2024 1324 2028 1328 Δ
2098 1360 2105 1363 -
2252 1285 2334 1342 35

306 1464 324 1471 ss
369 1387 670 1468 Aeraque,
703 1402 764 1449 et
797 1388 999 1449 subitis
1027 1386 1319 1448 tumidum
1349 1386 1734 1449 concursibus
1765 1407 1964 1469 aequor

365 1491 575 1553 Astraei
606 1492 855 1568 turbant,
886 1505 948 1554 et
975 1505 1115 1553 eunt
1141 1491 1199 1551 in
1227 1490 1456 1573 proelia,
1486 1490 1714 1553 fratres.

367 1595 425 1658 E
458 1597 666 1678 quibus
696 1597 852 1659 alma
880 1618 1114 1680 parenS,
1147 1596 1318 1659 unius
1347 1596 1566 1659 viribus
1595 1618 1723 1673 usa,

368 1701 595 1785 Stupea
622 1704 959 1787 praerumpit
986 1701 1261 1785 Phrygiae
1286 1702 1611 1765 retinacula
1639 1701 1841 1765 classis
1870 1725 1886 1763 ε

363 1806 628 1892 Fertque
659 1823 814 1872 rates
844 1830 1080 1892 pronas,
1111 1808 1430 1891 medioque
1462 1806 1569 1870 sub
1601 1828 1835 1890 aequore
1865 1807 2101 1890 mergit.
2252 1811 2339 1869 40

365 1912 613 1978 Robore
644 1915 884 1989 mollito,
916 1914 1189 1996 lignoque
1220 1914 1279 1974 in
1309 1933 1557 1995 corpora
1597 1933 1790 1989 verm,

363 2018 433 2083 In
463 2020 723 2101 capitum
753 2017 969 2081 faciem
997 2039 1229 2100 puppes
1257 2031 1555 2079 mutantur
1586 2016 1830 2080 aduncae
1859 2041 1876 2079 ε

361 2122 431 2184 In
463 2124 673 2205 digitos
705 2124 941 2196 abeunt,
975 2135 1035 2183 et
1064 2142 1238 2182 crura
1267 2121 1547 2193 natantia,
1578 2123 1727 2183 remi
1755 2143 1771 2182 ε

362 2225 667 2307 Quodque
696 2226 857 2307 prius
887 2224 1099 2298 fuerat,
1130 2223 1280 2285 latus
1311 2236 1399 2285 est
1426 2245 1441 2283 ε
1487 2224 1818 2308 mediisque
1848 2228 2054 2289 carina

365 2329 616 2392 Subdita
644 2328 909 2410 navigiis,
942 2328 1120 2411 spinae
1150 2340 1408 2389 mutatur
1437 2327 1498 2388 in
1522 2349 1723 2415 ¹usum.
2249 2338 2332 2395 45

361 2433 518 2496 Lina
547 2455 732 2497 comae
763 2434 990 2509 molles,
1024 2448 1289 2497 antennae
1331 2432 1574 2497 brachia
1601 2434 1767 2496 fiunt.
1796 2487 1810 2500 .

362 2538 652 2617 Caerulus,
675 2553 740 2601 ut
767 2537 976 2615 fuerat,
1007 2538 1167 2601 color
1198 2550 1307 2600 est.
1400 2536 1691 2621 Quasque
1724 2539 1857 2603 ante
1886 2540 2195 2620 timebant,

363 2645 497 2710 Illas
527 2646 796 2729 virgineis
827 2658 1113 2710 exercent
1139 2644 1361 2707 lusibus
1391 2645 1580 2707 undas

362 2751 597 2813 Naides
627 2772 908 2833 aequoreae
938 2772 954 2810 ε
999 2750 1276 2830 durisque
1305 2749 1365 2809 in
1394 2750 1688 2813 montibus
1717 2764 1855 2813 ortae

361 2853 548 2915 Molle
579 2854 791 2915 fretum
822 2853 1159 2914 celebrant:
1202 2872 1318 2912 nec
1349 2872 1451 2913 eas
1480 2874 1586 2915 sua
1629 2856 1810 2937 tangit
1840 2858 2024 2940 origo.
2245 2864 2329 2920 50

361 2956 425 3019 N
426 2979 503 3018 on
533 2971 730 3018 tamen
758 2955 968 3031 oblitae,
1000 2954 1178 3035 quam
1207 2956 1391 3016 multa
1420 2956 1681 3038 pericula
1716 2981 1872 3024 saevo

361 3060 717 3123 Pertulerint
743 3059 975 3142 pelag0,
995 3058 1233 3144 jactatis
1263 3081 1420 3144 saepe
1451 3063 1662 3126 carinis

366 3159 746 3249 Supposuere
775 3187 985 3228 manus
1012 3188 1028 3226 ι
1071 3166 1180 3228 nisi
1203 3166 1251 3229 si
1282 3188 1398 3249 qua
1426 3169 1682 3231 vehebat
1709 3171 1992 3234 Achivos.

363 3269 569 3332 Cladis
601 3270 795 3333 adhuc
825 3271 1098 3355 Phrygiae
1129 3293 1444 3347 memores,
1476 3273 1659 3336 odere
1691 3272 1998 3358 Pelasgos,

346 3371 352 3380 ⁴
451 3373 606 3456 Spes
635 3388 779 3451 erat,
809 3376 868 3437 in
897 3377 1186 3459 nymphas
1217 3376 1474 3439 animata
1490 3377 1682 3440 classe
1711 3380 1985 3456 marinas,
2239 3389 2319 3445 55

366 3480 557 3544 Posse
587 3494 749 3543 metu
779 3480 1019 3542 monstri
1050 3480 1340 3544 Rutulum
1378 3482 1659 3544 desistere
1688 3483 1863 3545 bello·

362 3585 615 3661 Perstat,
645 3584 940 3665 habetque
972 3584 1118 3647 deos
1145 3607 1282 3669 pars
1315 3598 1557 3669 utraque
1586 3608 1601 3648 z
1648 3587 1863 3670 quique
1899 3589 2148 3654 deorum

364 3690 570 3765 Instar,
600 3689 819 3756 habent
848 3687 1093 3752 animos.
1182 3689 1247 3754 N
1248 3711 1321 3753 ec
1342 3690 1469 3775 jam
1502 3691 1714 3758 dotalia
1741 3713 1943 3777 regna,
