2622 4207
877 549 1157 647 Nux,
1206 550 1680 627 ELEGIA.

310 901 464 965 Nux
494 922 605 986 ego
638 903 845 988 juncta
874 904 1001 980 viae‚
1032 905 1172 967 cum
1202 904 1313 966 sim
1341 905 1464 966 sine
1493 904 1735 966 crimine
1764 903 1913 978 vitae,

397 1009 459 1070 A
486 1008 702 1091 populo
733 1008 890 1070 saxis
919 1022 1305 1091 praetereunte
1336 1022 1526 1090 petor.

310 1109 583 1175 Obruere
614 1111 725 1173 ista
752 1112 901 1172 solet
928 1109 1264 1172 manifestos
1293 1130 1471 1192 poena
1500 1124 1801 1186 nocenteS,

398 1215 652 1278 Publica
681 1215 820 1277 cum
848 1213 1068 1276 lentam
1096 1237 1212 1277 non
1241 1215 1400 1298 capit
1426 1214 1511 1277 ira
1540 1235 1793 1289 moram,

312 1320 419 1383 Nil
449 1341 562 1403 ego
591 1319 834 1403 peccavi
861 1341 877 1380 ε
904 1318 1012 1382 nisi
1042 1320 1090 1382 si
1108 1319 1398 1403 peccasse
1427 1333 1690 1396 vocetur,

397 1425 615 1487 Annua
643 1425 846 1487 cultori
875 1446 1051 1508 poma
1078 1424 1298 1488 referre
1329 1446 1457 1488 suo.
1776 1510 1785 1517 ο

312 1530 394 1593 At
422 1529 580 1612 prius
609 1530 927 1606 arboribuS,
956 1544 1081 1592 tum
1110 1531 1250 1593 cum
1280 1532 1525 1594 meliora
1551 1529 1718 1593 fuere

396 1633 724 1718 Tempora,
753 1649 1056 1696 certamen
1086 1634 1387 1698 fertilitatis
1416 1648 1560 1697 erat.

277 1798 282 1805 .
314 1738 475 1803 Cum
504 1739 723 1801 domini
752 1759 1047 1800 memores
1076 1739 1241 1800 sertis
1269 1759 1478 1800 ornare
1509 1738 1771 1800 solebant

397 1841 725 1925 Agricolas,
755 1839 944 1903 fructu
974 1841 1372 1922 proveniente,
1402 1841 1570 1902 deos.

316 1947 492 2030 Saepe
518 1960 646 2008 tuas
674 1945 862 2027 igitur,
888 1943 1091 2021 Liber,
1122 1945 1362 2007 miratus
1384 1966 1449 2008 es
1478 1966 1656 2008 uvas:

399 2050 612 2114 Mirata
642 2063 729 2113 est
756 2049 917 2118 oleas
945 2071 1101 2134 saepe
1122 2048 1392 2113 Minerva
1414 2072 1569 2115 suas.

315 2157 623 2239 Pomaque
653 2155 933 2218 laesissent
959 2170 1209 2219 matrem
1233 2178 1254 2235 3
1280 2157 1340 2217 ni
1371 2157 1599 2220 subdita
1626 2178 1793 2220 ramo

401 2259 610 2344 Longa
638 2260 916 2323 laboranti
948 2257 1112 2323 furca
1140 2260 1361 2324 tulisset
1389 2283 1587 2346 opem.

315 2365 396 2428 At
421 2379 728 2450 postquam
754 2366 1020 2449 platanis,
1051 2367 1305 2429 sterilem
1336 2367 1723 2448 praebentibus
1751 2368 2041 2446 umbram,

399 2466 655 2532 Uberior
685 2467 887 2549 quavis
916 2468 1122 2529 arbore
1151 2470 1311 2530 venit
1337 2469 1568 2531 honos·
1550 2515 1570 2546 ,

316 2571 447 2636 Nos
477 2591 711 2654 quoque
739 2567 1029 2650 frugiferae
1063 2568 1139 2651 (si
1161 2590 1285 2630 nux
1306 2570 1488 2631 modo
1516 2591 1702 2652 ponor
1728 2571 1786 2633 in
1815 2521 1957 2656 illis)

404 2672 762 2756 Coepimus
746 2694 806 2733 ln
834 2671 1061 2753 patulas
1087 2671 1384 2733 luxuriare
1414 2693 1638 2736 comas.

317 2779 499 2843 Nunc
527 2797 720 2859 neque
750 2776 1053 2838 continuos
1081 2789 1397 2839 nascuntur
1423 2798 1601 2860 poma
1626 2799 1734 2861 per
1773 2800 1955 2843 annos
1980 2803 1997 2842 ε

401 2880 654 2965 Uvaque
682 2882 817 2944 laesa
845 2880 1107 2956 domum,
1137 2881 1390 2964 laesaque
1419 2883 1607 2946 bacca
1647 2885 1822 2948 venit.

318 2985 501 3050 Certe
534 3008 664 3069 ego,
695 2985 741 3049 si
768 3007 1066 3068 nunquam
1095 2981 1480 3069 peperissem,
1507 2988 1680 3052 tutior
1708 3010 1923 3054 essem.

403 3090 523 3153 Ista
551 3088 997 3172 Clytemnestrae
1029 3089 1204 3170 digna
1232 3093 1475 3171 querela
1503 3090 1625 3154 suit.

322 3194 389 3257 Si
416 3195 561 3257 sciat
587 3195 700 3257 hoc
728 3194 876 3269 vitis,
905 3208 1213 3256 nascentes
1242 3193 1566 3277 supprimet
1602 3217 1781 3260 uvas:

407 3298 712 3381 Orbaque,
741 3299 786 3360 si
817 3297 960 3360 sciat
987 3298 1124 3373 hoc,
1154 3289 1413 3359 Palladis
1443 3297 1613 3360 arbor
1653 3301 1780 3363 erit.

322 3400 464 3465 Hoc
490 3403 550 3464 in
576 3402 835 3465 notitiam
864 3401 1057 3463 veniat
1084 3402 1358 3483 maloque
1387 3401 1675 3484 piroque13

407 3506 743 3570 Destituant
771 3505 942 3568 silvas
972 3517 1215 3587 utraque
1244 3526 1423 3587 poma
1453 3527 1608 3567 suas·

322 3609 597 3695 Quaeque
626 3609 733 3672 sibi
759 3610 918 3672 vario
947 3608 1238 3691 distinguit
1265 3629 1445 3692 poma
1471 3609 1689 3688 colore,

410 3714 631 3777 Audiat
657 3714 772 3779 hoc
801 3735 1080 3790 cerasus3
1108 3713 1285 3796 stipes
1315 3713 1497 3776 inanis
1525 3714 1649 3777 erit.

2177 1849 2255 1905 10

2169 2374 2247 2431 15

2165 2892 2252 2952 20

2163 3417 2248 3474 25
