2622 4207
397 293 515 351 128
1017 280 1770 359 METAMQPHOSEON

1380 389 1415 411 ἕ*

473 441 719 523 Longus
748 442 805 502 in
838 455 1144 523 angustum
1170 439 1292 521 'qua
1322 439 1608 501 clauditur
1649 436 2100 518 Hellespontus,

386 545 532 609 Ilion
564 547 843 624 ard'ebat3
888 567 1078 627 neque
1112 544 1304 606 adhuc
1338 544 1690 605 consederat
1717 542 1865 624 ignis
1889 559 1909 600 t

390 649 811 733 Exiguumque
843 651 998 712 senis
1028 649 1252 710 Priami
1281 647 1446 710 Jovis
1477 669 1579 709 ara
1609 667 1882 708 cruorem

385 755 786 819 Combiberat.
877 753 1160 817 Tractata
1189 753 1377 814 comis
1409 752 1656 814 antistita
1689 749 1906 812 Phoebi
2216 752 2345 809 405

385 858 523 921 Non
554 858 917 942 profecturas
946 858 1225 920 tendebat
1256 859 1332 919 ad
1366 857 1579 918 aethera
1611 855 1862 938 palmaS.

384 964 772 1027 Dardanidas·
790 979 1007 1026 matres
1037 964 1355 1047 patriorum
1386 963 1546 1042 signa
1580 960 1846 1035 deorum,

382 1067 548 1130 Dum
578 1069 733 1144 licet,
766 1070 1089 1151 amplexas,
1123 1087 1525 1148 succensaque
1556 1064 1775 1147 templa
1805 1076 2075 1125 tenentes

387 1173 683 1241 Invidiosa
711 1175 947 1236 trahunt
974 1175 1224 1236 victores
1260 1171 1501 1253 praemia
1533 1169 1719 1252 Graji.
2084 1175 2089 1181 ’

385 1276 634 1340 Mittitur
664 1278 970 1358 Astyanax
1001 1277 1108 1337 illis
1140 1276 1215 1336 de
1246 1275 1519 1347 turribus,
1551 1273 1709 1334 unde
2060 1298 2064 1305 ·
2200 1276 2328 1332 410

384 1380 757 1462 Pugnantem
787 1401 893 1460 pro
917 1400 1002 1452 se,
1033 1378 1411 1460 proavitaque
1441 1398 1622 1458 regna
1644 1391 1930 1454 tuentem,

387 1484 562 1566 Saepe
592 1484 792 1545 videre
825 1497 1071 1565 patrem,
1105 1495 1486 1544 monstratum
1512 1503 1545 1543 a
1575 1496 1784 1558 matre,
1816 1468 2059 1545 solebat.

384 1588 639 1673 Jamque
669 1589 823 1651 viam
855 1589 1061 1650 suadet
1093 1587 1366 1665 Boreas3
1412 1588 1670 1670 flatuque
1703 1588 1968 1650 secundo

387 1694 654 1758 Carbasa
683 1708 842 1756 mota
872 1706 1078 1756 sonant
1103 1716 1118 1754 t
1154 1693 1327 1778 jubet
1354 1695 1435 1755 uti
1463 1694 1659 1756 navita
1688 1693 1892 1756 ventiS.

388 1802 630 1886 “Troja,
661 1803 788 1863 vale
818 1823 832 1861 z
876 1800 1173 1884 rapimur,’
1204 1801 1499 1863 clamant:
1546 1800 1802 1882 dantque
1833 1798 2036 1861 oscula
2065 1811 2234 1860 terrae

383 1907 660 1970 Troades
687 1930 701 1968 ε
748 1921 806 1969 et
832 1906 1031 1989 patriae
1063 1905 1343 1969 fumantia
1370 1920 1525 1968 tecta
1556 1906 1902 1988 relinquunt.
2206 1907 2330 1966 416

386 2011 613 2074 Ultima
641 2011 984 2073 conscendit
1011 2011 1261 2072 classem
1296 2010 1651 2092 (miserabile
1683 2011 1837 2093 visu)

386 2117 456 2179 In
486 2118 695 2179 mediis
727 2115 981 2177 Hecube
1011 2129 1277 2176 natorum
1306 2116 1540 2175 inventa
1570 2116 1872 2196 sepulcris.

383 2215 776 2283 Prensantem
805 2220 1078 2293 tumuIOS‚
1111 2232 1285 2300 atque
1317 2219 1542 2280 ossibus
1570 2220 1772 2280 osc'ula
1802 2219 2043 2281 dantem

385 2324 676 2387 Dulichiae
706 2323 940 2385 traxere
971 2344 1202 2386 manus.
1292 2322 1529 2385 Tamen
1558 2323 1726 2404 unius
1755 2323 1965 2397 hausit,
2209 2330 2329 2389 420

386 2430 574 2513 lnque
605 2429 731 2491 sinu
761 2428 991 2492 cineres
1021 2450 1225 2491 secum
1255 2430 1383 2492 tulit
1413 2427 1692 2491 Hectoris
1720 2429 1983 2491 haustos.

389 2534 667 2598 Hectoris
695 2535 754 2597 in
782 2536 1006 2598 tumulo
1035 2556 1253 2597 canum
1283 2535 1360 2597 de
1389 2534 1607 2596 vertice
1638 2535 1882 2609 crinem,

387 2640 632 2705 Inferias
661 2642 885 2725 inopeS,
915 2641 1137 2704 crinem
1171 2643 1622 2724 lachrymasque
1649 2639 1939 2721 relinquit.

475 2747 607 2823 Est,
639 2749 737 2810 ubi
765 2747 951 2831 Troja
982 2746 1106 2822 suit,
1138 2746 1410 2827 Phrygiae
1441 2746 1734 2807 contraria
1763 2745 1956 2820 telluS‚

388 2852 665 2916 Bistoniis
684 2850 939 2928 habitata
967 2851 1120 2911 viris,
1165 2867 1168 2870 ·
1212 2849 1638 2929 Polymestoris
1666 2848 1783 2911 illic
2202 2857 2325 2916 425

385 2955 580 3036 Regia
610 2956 774 3015 dives
802 2965 946 3026 erat,
977 2953 1072 3013 cui
1103 2966 1161 3013 te
1191 2952 1484 3014 commisit
1512 2952 1786 3016 alendum
2335 2947 2340 2960 ’

385 3059 583 3135 Clam,
617 3057 934 3139 Polydore‚
965 3069 1151 3140 pater,
1183 3055 1575 3141 Phrygiisque
1605 3060 1852 3123 removit
1876 3062 1948 3124 ab
1980 3064 2177 3140 armis.

383 3162 710 3227 Consilium
741 3162 990 3246 sapiens,
1021 3163 1258 3225 sceleris
1285 3163 1394 3225 nisi
1424 3166 1662 3247 praemia
1690 3187 1932 3249 magnas

343 3287 346 3290 ·
383 3269 718 3353 Adjecisset
744 3290 909 3351 opes,
940 3269 1113 3331 animi
1143 3270 1436 3332 irritamen
1468 3273 1645 3334 avari.

385 3371 472 3435 Ut
500 3374 713 3436 cecidit
744 3373 1003 3459 Fortuna
1032 3373 1360 3457 Phrygum,
1391 3376 1548 3457 capit
1574 3377 1788 3458 impius
1817 3397 2022 3440 ensem
2197 3383 2324 3441 430

388 3465 529 3542 Reiz
560 3478 887 3555 Thracum,
908 3480 1234 3564 juguloque
1267 3481 1353 3541 sui
1385 3481 1584 3563 defigit
1613 3481 1867 3543 alumni:

386 3584 490 3661 Et,
519 3600 796 3668 tanquam
827 3586 944 3647 tolli
975 3608 1112 3647 cum
1142 3606 1387 3667 corpore
1418 3585 1661 3648 crimina
1690 3603 1946 3669 possent,

385 3689 746 3753 Exanimem
778 3712 812 3751 e
843 3690 1084 3771 scopulo
1113 3690 1406 3773 subjectas
1426 3689 1579 3753 misit
1606 3689 1667 3754 in
1694 3694 1903 3757 undas.
