2622 4207
1137 335 1369 397 nmmt
1403 337 1450 396 1.
2195 337 2275 407 19

299 497 410 565 lna
438 499 623 563 etiam
644 497 900 584 supplex
929 496 1097 583 Argo
1124 519 1270 563 cum
1297 496 1546 563 brachia
1572 496 1755 561 vellet

303 601 641 680 Tendere,
683 622 803 665 non
828 601 1050 677 habuit,
1080 623 1212 686 quae
1240 601 1486 666 brachia
1513 599 1785 665 tenderet
1810 598 2021 684 Argo·

306 703 666 787 Conatoque
697 703 864 789 queri
890 704 1150 788 mugitus
1178 703 1365 768 edidit
1388 725 1538 768 ore.

304 806 745 895 Pertimuitque
775 831 993 874 sonos.
1037 809 1395 896 propriaque
1426 808 1707 875 exterrita
1734 829 1885 875 voce
1913 820 2024 873 est.
2148 808 2276 871 520

394 910 581 976 Venit
609 926 670 976 et
700 913 777 976 ad
803 913 981 998 ripas,
1011 914 1112 977 ubi
1140 913 1348 978 ludere
1378 935 1536 998 saepe
1565 913 1813 991 solebat,

304 1017 628 1084 Inachidas
648 1020 805 1104 ripas
831 1041 848 1082 ε
890 1041 1163 1104 novaque
1193 1034 1261 1084 ut
1279 1021 1592 1103 conspexit
1618 1021 1678 1082 in
1706 1018 1873 1084 unda

304 1124 578 1201 Cornua,
607 1124 929 1209 pertimuit,
957 1138 1489 1208 sequeexternata
1514 1122 1747 1208 refugit.

308 1231 545 1297 Naides
573 1231 862 1316 ignorant,
890 1231 1120 1315 ignorat
1149 1243 1213 1294 et
1238 1230 1496 1296 Inachus
1522 1232 1673 1316 ipse,

309 1335 469 1412 Quae
499 1337 590 1401 sit.
680 1338 764 1402 At
790 1337 891 1402 illa
916 1351 1149 1422 patrem
1177 1338 1461 1423 sequitur,
1490 1338 1871 1423 sequiturque
1900 1337 2171 1404 sorores:

310 1443 402 1509 Et
426 1447 639 1531 patitur
663 1446 847 1532 tangi,
877 1467 1063 1531 seque
1094 1447 1516 1512 admirantibus
1543 1446 1739 1512 offert.
2149 1447 2275 1512 526

307 1550 653 1637 Decerptas
682 1554 878 1617 senior
904 1566 1258 1638 porrexerat
1282 1552 1545 1617 Inachus
1571 1553 1833 1632 herbas3

309 1656 425 1721 lna
451 1676 664 1722 manus
690 1658 918 1735 lambit,
947 1658 1273 1742 patriisque
1298 1658 1403 1723 dat
1432 1659 1640 1723 oscula
1665 1659 1917 1745 palmis3

308 1759 457 1827 Nec
487 1749 701 1827 retinet
727 1763 1029 1845 lacrymas
1054 1785 1071 1823 ε
1116 1775 1198 1839 et,
1229 1762 1280 1825 si
1306 1762 1496 1826 modo
1522 1764 1711 1826 verba
1737 1778 2079 1846 sequantur,

311 1865 475 1930 Oret
502 1887 687 1948 opem
710 1886 731 1943 ;
771 1885 1117 1946 nomenque
1143 1885 1339 1940 suum,
1368 1885 1663 1947 casusque
1690 1866 1981 1948 loquatur.
2159 1871 2286 1933 530

306 1969 556 2032 Littera
580 1988 694 2051 pro
720 1965 938 2043 verbis,
969 1986 1149 2050 quam
1176 1987 1288 2051 pes
1315 1967 1375 2030 in
1401 1967 1648 2052 pulvere
1678 1968 1859 2048 ducit,

312 2073 611 2160 Corporis
636 2072 921 2137 indicium
947 2074 1156 2138 mutati
1183 2074 1345 2138 triste
1374 2075 1622 2161 peregit.

315 2189 334 2219 ‘
356 2180 466 2244 Me
496 2180 780 2244 miserum
807 2180 824 2242 2
848 2178 865 2209 '
910 2181 1211 2245 exclamat
1238 2195 1409 2265 pater
1435 2181 1736 2251 Inachus:
1778 2184 1959 2271 inque
1990 2188 2284 2272 gementis

319 2284 641 2363 CornibuS,
671 2299 732 2349 et
758 2286 943 2349 niveae
973 2287 1246 2372 pendens
1275 2289 1511 2352 cervice
1529 2289 1827 2376 juvencae,

322 2400 340 2430 ‘
360 2388 468 2455 Me
496 2392 779 2455 miserum
803 2392 818 2455 l
841 2392 858 2422 ’
886 2392 1229 2476 ingeminat.
1324 2401 1342 2432 ⁸
1361 2391 1543 2458 Tune
1562 2418 1629 2460 es
1651 2398 1893 2481 quaesita
1918 2420 2030 2484 per
2049 2420 2286 2478 omnes,

319 2497 502 2574 Nata,
532 2497 675 2560 mihi
702 2497 940 2562 terras?
984 2497 1088 2561 Tu
1117 2521 1239 2562 non
1267 2500 1506 2562 inventa
1532 2502 1771 2584 reperta
2045 2545 2049 2551 ·
2162 2507 2286 2569 536

322 2601 554 2665 Luctus
583 2623 720 2665 eras
749 2600 954 2663 levior.
1044 2600 1298 2663 Retices
1325 2623 1341 2662 ε
1384 2622 1502 2664 nec
1532 2617 1739 2665 mutua
1765 2606 1978 2668 nostris

323 2707 509 2772 Dicta
530 2706 757 2771 resersz
804 2706 922 2769 alto
951 2704 1179 2769 tantum
1209 2704 1458 2790 suspiria
1483 2707 1688 2791 prodis

325 2809 586 2874 Pectore
613 2833 630 2872 ε
675 2809 957 2894 quodque
987 2829 1171 2872 unum
1199 2823 1392 2895 poteS,
1425 2809 1503 2873 ad
1531 2832 1671 2876 mea
1698 2814 1882 2879 verba
1902 2816 2188 2904 remugis.

324 2913 391 2978 N
392 2936 465 2978 ec
494 2914 671 2977 finire
689 2914 829 2978 licet
849 2927 1040 2978 tantos
1068 2913 1211 2977 mihi
1239 2929 1432 2979 morte
1454 2915 1726 2983 dolores:
2164 2928 2289 2990 540

330 3019 460 3083 Sed
486 3033 666 3083 nocet
693 3040 825 3083 esse
858 3018 1040 3083 deum
1067 3042 1084 3081 z
1126 3020 1532 3107 praeclusaque
1552 3011 1861 3109 janua‘leti

327 3124 644 3188 AEternum
672 3139 904 3189 nostros
931 3125 1126 3189 luctus
1155 3127 1424 3194 extendit
1450 3128 1509 3190 in
1541 3149 1753 3194 aevum.
1779 3132 1797 3162 '

325 3230 508 3294 Talia
534 3231 806 3294 moerenti
829 3231 1089 3295 stellatus
1118 3232 1431 3296 submovet
1458 3234 1678 3318 Argus,

331 3336 743 3422 Ereptamque
772 3339 923 3423 patri
947 3337 1181 3402 diversa
1208 3340 1268 3402 in
1297 3361 1524 3424 pascua
1549 3354 1749 3405 natam

330 3443 654 3505 Abstrahit.
744 3442 881 3529 Ipse
903 3445 1350 3528 proculmontis
1378 3446 1626 3511 sublime
1656 3471 1951 3518 cacumen
2164 3459 2288 3519 545

330 3547 648 3633 Occupat:
691 3550 851 3613 unde
881 3550 1099 3615 sedens
1125 3566 1327 3635 partes
1356 3554 1691 3635 speculetur
1718 3555 1777 3620 in
1800 3580 2029 3625 omnes.

418 3653 561 3717 Nec
594 3653 874 3738 supersim
904 3671 1099 3720 rector
1126 3656 1287 3720 mala
1315 3670 1475 3721 tanta
1504 3656 1878 3725 Phoronidos
1905 3665 2056 3728 ultra

329 3755 523 3823 Ferre
553 3773 786 3844 potest:
827 3775 1152 3845 natumque
1181 3776 1400 3841 vocat3
1444 3784 1625 3847 quem
1652 3764 1853 3826 lucida
1879 3780 2048 3845 partu
