2622 4207
986 230 1361 297 EPISTQLA
1397 230 1522 286 VII.
2124 228 2239 290 161

288 398 351 461 Si
381 395 568 481 pudet
597 395 795 457 uxoris
818 415 836 473 3
862 414 985 456 non
1012 404 1210 475 nupta,
1244 390 1350 452 sed
1380 387 1609 471 hospita
1638 386 1821 449 dicar.
2094 383 2249 449 ,135-

376 501 541 565 Dum
573 514 676 563 tua
704 500 775 562 sit
801 498 988 574 Dido,
1020 496 1319 581 quodlibet
1349 516 1480 557 esse
1512 492 1684 556 feret.

290 607 452 671 Nota
479 607 620 668 mihi
649 605 798 668 freta
826 618 957 667 sunt
988 602 1199 665 Afrum
1231 600 1553 684 frangentia
1581 600 1735 662 littus
1762 621 1777 660 :

378 708 778 795 Temporibus
804 710 977 773 certis
1008 709 1265 791 dantque
1294 719 1625 790 negantque
1655 704 1833 766 viam.

292 815 455 880 Cum
485 817 644 879 dabit
674 838 813 879 aura
841 816 1017 891 viam,
1048 812 1340 896 praebebis
1367 813 1617 876 carbasa
1643 809 1853 874 ventis.

381 923 560 985 Nunc
589 922 733 984 levis
762 921 1017 1006 ejectam
1045 919 1305 983 continet
1334 919 1463 1001 alga
1491 931 1700 980 ratem.
2123 917 2244 975 140

292 1026 564 1112 Tempus
594 1041 657 1088 ut
684 1028 1018 1099 observem,
1048 1024 1269 1087 manda
1296 1022 1481 1100 mihi3
1509 1021 1726 1084 certius
1753 1020 1862 1085 ibis
1887 1043 1903 1081 ε

381 1133 444 1195 N
447 1155 519 1195 ec
549 1150 630 1207 te,
662 1133 708 1193 si
738 1131 944 1214 cupies
971 1130 1118 1211 ipse,
1147 1146 1391 1192 manere
1421 1125 1627 1190 sinam.

293 1237 378 1303 Et
408 1238 553 1301 socii
581 1237 849 1320 requiem
876 1248 1144 1319 poscunt,
1172 1234 1502 1316 laniataque
1532 1232 1733 1297 elassis

384 1342 652 1406 Postulat
682 1343 926 1425 exiguas
954 1338 1327 1404 semirefecta
1354 1360 1570 1403 moras·

296 1448 422 1511 Pro
450 1448 690 1524 meritiS‚
720 1461 780 1512 et
808 1448 975 1532 siqua
1002 1447 1102 1511 tibi
1130 1445 1523 1531 praebebimus
1563 1445 1731 1522 ultra,
2126 1446 2246 1506 145

267 1554 279 1567 ⁶
386 1553 510 1616 Pro
539 1576 644 1636 spe
674 1553 929 1638 conjugii
954 1567 1223 1636 tempora
1248 1574 1434 1636 parva
1469 1567 1629 1635 peto.

181 1716 190 1725 .
300 1658 468 1721 Dum
496 1657 645 1720 freta
674 1659 1004 1732 mitescunt,
1034 1672 1095 1721 et
1121 1658 1349 1721 Amor:
1380 1657 1526 1718 dum
1553 1668 1822 1738 tempore
1852 1668 1914 1718 et
1940 1676 2055 1717 usu
2120 1645 2125 1650 ’

265 1838 272 1844 l
391 1762 647 1825 Fortiter
676 1762 880 1823 edisco
906 1761 1087 1823 tristia
1114 1782 1287 1842 posse
1318 1760 1458 1843 pati.

303 1867 413 1931 Sin
442 1867 679 1944 minusj
709 1879 802 1929 est
827 1865 1053 1929 animus
1081 1865 1248 1928 nobis
1276 1865 1584 1928 effundere
1611 1865 1812 1927 vitam.

390 1971 461 2033 In
491 1991 589 2033 me
619 1957 875 2033 crudelis
903 1991 1019 2032 non
1046 1983 1217 2052 potes
1246 1991 1380 2033 esse
1410 1970 1531 2032 diu.
2134 1974 2256 2033 150

308 2076 618 2162 Adspicias
646 2076 888 2152 utinam,
919 2097 1046 2160 quae
1077 2075 1150 2139 sit
1175 2077 1478 2140 scribentis
1505 2077 1741 2161 imago!

396 2183 763 2261 Scribimus;
794 2195 853 2245 et
880 2183 1102 2265 gremio
1132 2181 1392 2248 Troicus
1422 2184 1576 2246 ensis
1606 2184 1811 2248 adest:

308 2287 544 2371 Perque
574 2308 756 2370 genas
785 2288 1059 2369 lacrymae
1090 2288 1353 2354 strictum
1382 2289 1651 2352 labuntur
1679 2289 1740 2351 in
1768 2310 1973 2353 ensem
1997 2311 2017 2369 3

397 2392 521 2466 Qui
540 2393 668 2477 jam
699 2416 806 2476 pro
833 2393 1108 2475 lacrymis
1135 2393 1418 2475 sanguine
1448 2394 1660 2456 tinctus
1700 2395 1829 2456 erit.

314 2496 517 2572 Quam
544 2499 699 2560 bene
731 2497 1085 2559 conveniunt
1112 2494 1231 2558 fato
1259 2511 1361 2558 tua
1389 2518 1637 2558 munera
1664 2499 1899 2560 nostro!
2136 2499 2256 2561 155

397 2603 640 2665 Instruis
669 2600 937 2683 impensa
956 2613 1153 2663 nostra
1179 2600 1451 2683 sepulcra
1481 2600 1664 2662 brevi.

317 2707 452 2772 Nec
481 2729 620 2772 mea
646 2727 804 2770 nunc
835 2705 1023 2789 primo
1053 2705 1333 2768 feriuntur
1361 2720 1606 2789 pectora
1633 2707 1751 2770 telo
1777 2728 1795 2770 ε

401 2811 505 2875 Ille
535 2813 701 2875 locus
729 2812 863 2874 saevi
891 2811 1098 2874 vulnus
1118 2811 1358 2875 Amoris
1384 2813 1583 2877 habet.

318 2919 492 2981 Anna
521 2939 706 2994 soror,
737 2938 899 2979 soror
921 2918 1114 2994 Anna,
1143 2940 1292 2981 meae
1322 2920 1478 2982 male
1509 2921 1748 2985 conscia
1777 2923 1985 3009 culpae,

403 3022 540 3084 Jam
570 3022 736 3085 dabis
764 3021 822 3083 in
849 3023 1078 3085 cineres
1106 3024 1309 3087 ultima
1338 3025 1493 3087 dona
1521 3048 1707 3089 mena.
2140 3034 2261 3096 160

322 3126 478 3204 Nec,
508 3140 854 3211 consumpta
881 3128 1055 3211 rogis»,
1083 3128 1386 3204 inscribar,
1420 3127 1613 3193 Elissa
1645 3130 1859 3197 Sichaei
1883 3156 1905 3214 3

409 3232 550 3296 Hoc
576 3247 776 3295 tamen
803 3233 863 3295 in
891 3233 1096 3296 tumuli
1125 3255 1419 3297 marmore
1442 3255 1683 3323 carmen
1714 3238 1863 3302 erit:

324 3345 339 3375 ⁶
362 3337 625 3402 Praebuit
652 3338 879 3404 AEneas
910 3352 971 3401 et
997 3360 1238 3403 causam
1268 3340 1468 3404 mortis
1498 3354 1559 3403 et
1586 3362 1810 3407 ensem.

406 3443 545 3528 Ipsa
575 3442 684 3507 sua
713 3443 876 3506 Dido
906 3444 1162 3508 concidit
1182 3465 1290 3507 usa
1320 3446 1539 3510 manu?

837 3547 958 3610 14*
995 3576 1005 3593 -·
