2622 4207
420 266 537 327 176
1108 259 1161 313 N
1167 258 1290 325 ΠΧ,
1329 253 1627 311 ELEGIA.

404 415 543 480 Non
574 416 853 499 equidem
882 416 1114 478 invideo
1140 437 1156 476 ε
1182 414 1470 496 numquid
1498 428 1694 476 tamen
1728 410 1845 474 ulla
1865 408 2083 488 feritur,

497 520 651 593 Quae
683 521 887 584 sterilis
916 519 1040 584 sola
1067 518 1486 604 conspicienda
1513 516 1690 580 coma
1719 516 1855 579 est?
2264 522 2341 580 30

404 624 648 690 Cernite
680 627 936 689 sinceros
963 646 1170 687 omnes
1199 645 1278 686 ex
1307 623 1511 686 ordine
1541 636 1797 699 truncOS‚

488 730 612 803 Qui
643 730 820 793 modu
850 730 946 804 nil,
979 749 1159 811 quare
1190 728 1605 811 percutiantur,
1636 728 1872 790 habent.

400 835 481 898 At
509 835 650 896 mihi
680 856 833 897 saeva
859 846 1076 895 nocent
1104 833 1376 895 mutilatis
1402 833 1642 893 vulnera
1671 833 1850 894 ramis
1876 852 1896 908 3

485 938 784 1022 Nudaque
815 938 1050 1023 dejecta
1076 940 1296 1001 cortice
1330 938 1485 1019 ligna
1519 950 1738 1021 patent.
1776 934 1810 980 ’-

401 1042 540 1107 Non
571 1043 773 1106 odium
803 1042 941 1106 facit
969 1045 1104 1118 hoc,
1136 1043 1242 1104 sed
1267 1064 1404 1125 spes
1432 1043 1652 1105 indulta
1679 1042 1917 1126 rapinae.
2254 1048 2333 1106 35

487 1148 824 1212 Sustineant
852 1148 976 1210 aliae
1005 1168 1182 1231 poma
1205 1169 1224 1226 3
1254 1161 1570 1231 querentur
1595 1146 1777 1209 idem.

401 1253 506 1317 Sic
534 1276 669 1317 reus
698 1254 793 1316 ille
823 1252 947 1316 sere
979 1268 1087 1329 est,
1119 1254 1195 1315 de
1227 1274 1345 1336 quo
1374 1253 1617 1316 victoria
1644 1253 1806 1316 lucro

483 1358 639 1421 Esse
669 1371 861 1442 potest
886 1380 901 1417 ε
929 1359 1116 1441 inopis
1143 1358 1377 1420 vindice
1406 1357 1561 1421 sacta
1598 1372 1819 1421 carent.

399 1463 501 1526 Sic
527 1463 694 1525 timet
720 1462 974 1537 insidias,
1005 1462 1102 1545 qui
1132 1461 1241 1524 scit
1269 1481 1333 1524 se
1364 1459 1517 1524 serre
1546 1462 1750 1537 viator,

483 1567 603 1630 Cui
632 1568 872 1631 timeat:
915 1580 1103 1630 tutum
1131 1566 1318 1650 carpit
1344 1567 1531 1630 inanis
1557 1568 1687 1630 iter.
2251 1575 2330 1632 40

398 1671 501 1736 Sic
531 1694 644 1755 ego
673 1674 797 1736 sola
824 1686 1030 1755 petor3
1067 1671 1171 1734 soli
1202 1672 1339 1754 quia
1365 1694 1547 1735 causa
1573 1673 1811 1756 petendi
1840 1687 1947 1736 est.

484 1776 818 1840 Frondibus
847 1777 1074 1841 intactis
1101 1790 1317 1840 caetera
1341 1778 1511 1840 turba
1530 1777 1736 1840 virent.

397 1882 559 1946 Nam
584 1882 742 1965 quud
771 1883 989 1945 habent
1017 1880 1255 1944 frutices
1284 1881 1378 1944 alii
1407 1901 1641 1966 quoque
1670 1880 1938 1966 proxima
1964 1881 2138 1944 nobis

484 1986 819 2070 Fragmina‚
855 2007 984 2069 quae
1012 1988 1149 2049 laeso
1177 1987 1393 2048 vimine
1423 1987 1601 2048 multa
1635 1986 1881 2070 jacent3

395 2091 536 2156 Non
564 2091 683 2154 istis
712 2113 818 2153 sua
846 2088 1000 2154 sacta
1027 2105 1279 2153 nocent:
1307 2090 1519 2153 vicinia
1548 2090 1765 2154 damno
1794 2103 1900 2153 est.
2245 2098 2324 2157 45

482 2194 807 2277 Excipiunt
833 2194 952 2257 ictu
982 2215 1127 2256 saxa
1155 2196 1389 2276 repulsa
1416 2217 1575 2258 meo.
1630 2267 1635 2271 ,

392 2299 581 2382 quue
604 2298 723 2359 fide
754 2311 991 2375 careat3
1020 2298 1067 2359 si
1095 2319 1232 2373 non,
1265 2319 1393 2381 quae
1422 2299 1647 2381 longius
1677 2300 1902 2377 absunt,

480 2403 543 2465 N
547 2403 762 2466 ativum
788 2401 1038 2464 retinent
1065 2402 1334 2465 inviolata
1364 2403 1570 2467 decus.

393 2508 578 2593 Erg0‚
609 2509 656 2570 si
685 2508 927 2596 sapiant,
958 2522 1017 2570 et
1045 2521 1304 2572 mentem
1333 2510 1516 2572 verba
1544 2523 1858 2595 sequantur
1881 2534 1901 2591 3

480 2616 831 2678 Devoveant
858 2615 1095 2678 umbras
1122 2616 1393 2698 proxima
1422 2637 1666 2700 quaeque
1705 2639 1892 2680 meas·
2046 2611 2051 2616 ’
2240 2626 2317 2682 50

393 2720 595 2796 Quam
624 2707 900 2783 miserum
931 2735 1040 2795 est,
1070 2720 1270 2782 odium
1301 2721 1530 2784 damnis
1559 2723 1850 2786 accedere
1878 2724 2088 2788 nostris
2113 2750 2134 2805 3

477 2823 702 2907 Meque
732 2845 896 2886 ream
925 2824 1114 2913 nimiae
1145 2824 1528 2906 proximitatis
1548 2827 1640 2909 agi
1667 2828 1682 2888 !

390 2928 538 3003 Sed,
565 2941 727 3010 putu,
758 2947 973 3008 magua
999 2927 1117 2988 mei
1145 2940 1236 2988 est
1262 2948 1512 3010 operoso
1533 2951 1677 2992 cura
1704 2933 1933 2996 colono.

474 3030 760 3106 Invenias,
792 3029 888 3113 qui
912 3029 1013 3092 det
1031 3030 1110 3092 nil
1138 3030 1297 3107 mihi,
1330 3047 1539 3116 praeter
1566 3035 1834 3101 humum.

390 3136 611 3223 Sponte
642 3134 781 3199 mea
808 3135 991 3200 facilis
1018 3150 1357 3222 contempto
1384 3161 1594 3204 nascor
1612 3143 1669 3205 in
1702 3165 1882 3226 agro:
2234 3150 2311 3208 55

474 3241 740 3327 Parsque
765 3242 906 3332 loci,
929 3241 1048 3326 qufi
1075 3257 1182 3319 sto,
1214 3244 1446 3327 publica
1474 3246 1627 3328 pene
1657 3247 1751 3309 via
1780 3262 1887 3311 est.

385 3345 513 3421 Me,
544 3362 668 3410 sata
695 3369 772 3410 ne
798 3348 1010 3411 laedam
1044 3346 1349 3432 (quoniam
1377 3362 1501 3411 sata
1527 3349 1740 3414 laedere
1772 3352 1986 3438 dicor),

469 3449 630 3513 Imus
657 3451 716 3513 in
744 3465 1014 3514 extremo
1041 3453 1301 3536 margine
1331 3452 1542 3515 fundus
1563 3454 1759 3518 habet.

382 3555 523 3621 Non
552 3555 691 3617 mihi
721 3553 842 3619 salx
870 3556 1075 3619 nimias
1107 3557 1379 3620 Saturnia
1408 3542 1647 3642 deputat
1674 3562 1908 3630 umbras
1935 3585 1949 3623 z

466 3659 756 3722 Duratam
785 3673 1027 3721 renovat
1052 3683 1170 3723 non
1191 3662 1332 3723 mihi
1361 3662 1545 3726 fossor
1570 3664 1837 3728 humum.
2231 3672 2310 3730 60

380 3764 520 3854 Sole
549 3764 686 3828 licet
712 3762 988 3847 siccaque
1017 3763 1107 3824 siti
1132 3764 1387 3845 peritura
1426 3767 1685 3831 laborem
1710 3790 1729 3844 ;
