2622 4207
375 310 463 371 34
974 292 1732 360 MmAMoRPHosEoN

371 462 747 527 Semanimes
774 481 974 526 errare
991 461 1129 538 viis,
1159 461 1304 524 dum
1333 474 1489 523 stare
1517 458 1810 532 valebant,

369 570 741 653 Adpiceres;
780 568 990 632 flentes
1019 568 1181 644 alios,
1202 580 1494 649 terraeque
1513 565 1822 650 jacentes·
1803 607 1825 642 ‚
2206 562 2335 622 170

372 672 684 759 Lassaqu'e
713 687 1013 737 versantes
1042 694 1321 757 supremo
1348 671 1570 773 lumina
1597 682 1784 733 motu.

458 779 625 856 Quid
654 780 795 843 mihi
823 795 964 844 tunc
993 779 1171 842 animi
1199 777 1343 842 fuit.
1332 776 1355 822 Ρ
1390 799 1485 853 an,
1517 776 1677 860 quod
1706 773 1911 838 debuit
1933 793 2092 851 esse,

367 885 456 951 Ut
481 886 662 949 vitam
688 885 973 963 odissem,
1004 898 1064 949 et
1090 905 1379 969 cuperem
1407 905 1545 968 pars
1574 902 1706 946 esse
1740 877 2064 944 meorum?
2120 916 2124 918 ν

365 990 514 1067 Quo
543 1015 608 1056 se
637 1012 873 1076 cunque
905 993 1065 1056 acies
1085 991 1396 1055 oculorum
1425 988 1722 1068 flexerat3
1763 985 1883 1050 illic

367 1095 600 1182 Vulgus
629 1111 755 1160 erat
783 1110 1063 1161 stratnm:
1106 1096 1284 1160 veluti
1314 1095 1458 1159 cum
1483 1095 1673 1179 putria
1701 1091 1874 1156 motis
1968 1079 1978 1089 ⁸
2200 1095 2323 1156 175

306 1252 310 1259 »
366 1202 565 1268 Poma
594 1204 816 1267 cadunt
842 1204 1040 1280 ramis,
1072 1201 1403 1286 agitataque
1433 1201 1565 1264 ilice
1596 1199 1862 1284 glandes.

365 1308 631 1394 Templa
658 1310 826 1373 vides
854 1308 1077 1384 contra,
1108 1308 1385 1390 gradibus
1413 1306 1683 1371 sublimia
1710 1305 1939 1391 longis:

364 1414 597 1499 Jupiter
625 1408 735 1477 illa
752 1428 933 1477 tenet.
1025 1413 1180 1486 Quis
1208 1435 1328 1476 non
1357 1413 1633 1476 altaribus
1659 1413 1770 1477 illis

364 1518 536 1584 Irrita
562 1520 734 1583 thura
762 1517 938 1582 tulit?
985 1518 1214 1602 quoties
1248 1541 1359 1602 pro
1385 1517 1639 1604 conjuge
1670 1517 1914 1602 conqu,

365 1624 492 1690 Pro
523 1639 699 1710 gnato
720 1624 967 1709 genitor,
998 1625 1143 1687 dum
1171 1626 1355 1689 verba
1383 1625 1687 1708 precantia
1715 1625 1876 1704 dicit,
2198 1628 2321 1688 189

362 1731 508 1797 Non
538 1732 794 1796 exoratis
822 1731 1080 1802 animam
1109 1731 1292 1794 finivit
1319 1733 1378 1794 in
1408 1732 1559 1795 aris:

362 1836 553 1923 Inque
583 1860 764 1902 manu
792 1838 975 1902 thuris
1003 1860 1141 1922 pars
1162 1838 1573 1923 inconsumpta
1601 1855 1839 1925 reperta
1867 1839 1995 1903 est!

362 1944 611 2009 Admoti
643 1945 872 2028 quoties
900 1945 1155 2028 tempHS‚
1187 1945 1332 2008 dum
1359 1959 1499 2011 vota
1529 1946 1811 2011 sacerdos

361 2047 664 2133 Concipit,
695 2062 757 2112 et
784 2047 974 2112 fundit
999 2070 1214 2133 purum
1242 2049 1393 2111 inter
1413 2070 1647 2120 cornua
1674 2050 1892 2126 vinum,

362 2151 550 2217 Haud
582 2166 930 2236 exspectato
959 2152 1306 2215 ceciderunt
1333 2153 1576 2217 vulnere
1605 2153 1797 2216 tauri!
2196 2161 2318 2221 185

358 2256 499 2341 Ipse
529 2279 645 2340 ego
674 2278 845 2319 sacra
870 2255 1004 2319 Jovi
1034 2278 1143 2340 pro
1171 2277 1295 2333 me,
1324 2256 1651 2342 patriaque,
1683 2235 1984 2343 tribusque

359 2360 526 2425 Cum
555 2360 817 2426 facerem
846 2361 1014 2439 natiS,
1045 2362 1301 2446 mugitus
1331 2362 1567 2427 victima
1596 2364 1754 2427 diros

358 2466 611 2532 Edidit:
656 2481 718 2532 et
745 2467 935 2533 subito
964 2468 1224 2554 collapsa
1251 2469 1375 2532 sine
1404 2469 1614 2534 ictibus
1642 2470 1771 2535 ullis

358 2572 605 2659 Exiguo
633 2574 804 2638 tinxit
830 2574 1125 2660 subjectos
1144 2575 1435 2659 'sanguine
1465 2578 1703 2642 cultros·

272 2679 284 2697 ⁹
360 2678 548 2747 Fibra
577 2703 812 2766 quoque
843 2703 998 2766 aegra
1025 2698 1196 2745 notas
1223 2682 1367 2759 veri,
1398 2684 1771 2769 monitusque
1803 2686 2052 2750 deorum
2191 2691 2316 2752 190

360 2785 760 2851 Prodiderat:
808 2786 999 2868 tristes
1027 2800 1339 2868 penetrant
1368 2787 1444 2848 ad
1474 2789 1703 2854 viscera
1730 2792 1942 2856 morbi.

358 2893 520 2957 Ante
551 2912 752 2954 sacros
780 2890 898 2951 vidi
928 2890 1195 2974 projecta
1222 2891 1520 2956 cadavera
1547 2910 1766 2979 posteS,

357 2998 516 3062 Ante
547 2996 724 3080 ipsam,
755 2993 872 3077 quo
902 3015 1063 3057 mors
1091 2992 1242 3058 foret
1270 2995 1622 3080 invidiosior,
1655 3024 1807 3067 aras,

355 3100 511 3167 Pars
541 3101 798 3164 animam
824 3101 1041 3184 laqueo
1070 3101 1396 3184 claudunt3
1439 3087 1758 3192 mortisque
1788 3109 2060 3173 timorem

332 3206 557 3271 ‘Morte
587 3207 792 3291 fugant
817 3229 833 3269 ε
877 3207 1145 3291 ultroque
1175 3223 1391 3271 vocant
1415 3212 1709 3298 venientia
1737 3213 1873 3276 fata.
2183 3219 2309 3281 195

350 3310 626 3398 Corpora
654 3314 828 3377 missa
861 3314 1195 3386 neci-nullis
1223 3314 1300 3376 d'e
1331 3336 1498 3377 more
1528 3315 1791 3380 feruntur

352 3416 731 3485 Funeribus:
774 3440 969 3503 neque
1001 3421 1160 3483 enim
1182 3420 1497 3504 capiebant
1524 3420 1730 3486 funera
1756 3438 1964 3507 portae.

353 3525 480 3591 Aut
506 3524 810 3587 inhumata
835 3541 1112 3608 premunt
1135 3541 1323 3589 terras
1349 3549 1364 3588 ε
1410 3542 1511 3591 aut
1538 3529 1749 3592 dantur
1777 3530 1835 3593 in
1860 3533 2006 3597 altos

236 3681 245 3689 .
352 3628 626 3695 Indotata
644 3650 847 3711 rogos.
941 3629 1026 3693 Et
1039 3630 1170 3715 jam
1198 3633 1525 3696 reverentia
1553 3636 1714 3697 nulla
1739 3650 1830 3700 est
1855 3660 1872 3699 ε

358 3734 581 3822 Deque
609 3734 766 3823 rogis
794 3749 1096 3821 pugnant:
1140 3736 1462 3823 alienisque
1490 3739 1722 3823 ignibus
1748 3744 1979 3807 ardent·
2178 3705 2316 3814 206
