2622 4207
1131 270 1378 331 FAS'H.
2098 275 2219 336 178

357 431 443 495 Hi
471 433 725 496 redeunt
751 430 884 495 udis
910 433 968 494 in
998 453 1107 495 sua
1132 445 1291 495 meta
1322 430 1510 515 genis.

270 535 530 600 Sustinet
548 537 846 620 impositos
875 536 1106 600 summa
1131 558 1319 600 cavus
1337 535 1536 599 alveus
1564 533 1744 598 unda.

356 640 497 704 Heu
529 656 807 725 quantum
835 640 934 705 fati
964 663 1144 727 parva
1168 642 1383 705 tabella
1409 640 1606 704 vehit!
2125 640 2207 699 60

270 746 492 809 Alveus
521 747 578 808 in
607 734 747 810 limo
775 747 929 810 silvis
959 748 1238 831 appulsus
1263 747 1487 830 opaciS,

358 849 650 913 Paulatim
679 851 854 915 fluvio
884 852 1220 928 deficiente,
1250 853 1438 915 sedet.

270 950 448 1017 Venit
475 954 551 1017 ad
581 957 875 1039 expositos
906 954 1175 1041 (mirum)
1205 957 1348 1039 lupa
1375 955 1518 1020 foeta
1544 957 1846 1039 gemellos.

357 1055 512 1131 Quis
539 1060 746 1124 credat
770 1059 971 1142 pueris
996 1044 1115 1122 non
1143 1059 1415 1122 nocuisse
1445 1058 1676 1122 seram?

270 1161 409 1226 Non
439 1165 711 1226 nocuisse
740 1184 955 1246 parurn
998 1176 1124 1226 est:
1173 1163 1418 1246 prodest
1445 1183 1716 1247 quoquo:
1767 1181 1915 1247 quos
1940 1163 2080 1247 lupa

617 1269 836 1346 nutrit,
1243 1328 1250 1333 ,
1759 1336 1765 1346 κ
2127 1271 2208 1335 65

358 1371 627 1435 Prodere
657 1388 920 1458 cognate
947 1376 1271 1441 sustinuere
1299 1399 1530 1441 manus.

270 1474 563 1555 Constitit,
593 1494 653 1544 et
680 1481 875 1544 cauda
901 1483 1116 1547 teneris
1145 1482 1435 1546 blanditur
1468 1482 1736 1558 almnxfis,

359 1582 442 1646 Et
470 1584 633 1667 fingit
657 1585 856 1669 lingua
882 1609 1132 1670 corpora
1158 1587 1295 1650 bina
1324 1584 1452 1651 sua.

270 1685 465 1750 Marte
494 1703 649 1752 satos
678 1691 898 1768 scires3
925 1692 1108 1754 timor·
1125 1690 1306 1754 abfuit
1333 1714 1348 1751 :
1376 1692 1561 1755 ubera
1589 1691 1853 1768 ducunt3

358 1792 422 1856 N
426 1813 512 1866 ec
526 1793 635 1855 sibi
664 1794 929 1876 promissi
950 1795 1115 1856 lactis
1133 1795 1361 1856 aluntur
1389 1816 1528 1877 ope.
1619 1870 1624 1879 Δ
2131 1797 2214 1853 ’70

269 1895 489 1959 Martia
513 1910 605 1958 ter
628 1917 803 1959 senos
830 1897 1025 1980 proles
1054 1897 1391 1960 adoleverat
1418 1876 1642 1978 annos}
1686 1882 1693 1889 ’

358 1995 445 2058 Et
473 1996 710 2058 suberat
736 1995 900 2060 flavae
934 1996 1064 2081 jam
1092 2020 1243 2061 nova
1270 1999 1452 2062 barba
1474 2018 1683 2061 comae.

272 2100 568 2168 Omnibus
596 2101 859 2185 agricolis
889 2117 1405 2187 armentorumque
1427 2102 1717 2187 magistris

357 2206 553 2270 lliadae
577 2206 782 2272 fratres
813 2209 951 2294 jura
980 2209 1159 2292 petita
1201 2210 1438 2273 dabant.

275 2309 448 2397 Saepe
478 2314 720 2377 domum
748 2316 985 2381 veniunt
1012 2315 1357 2400 praedonum
1387 2316 1668 2400 sanguine
1695 2315 1844 2393 loeti3
2129 2321 2166 2375 7
2175 2320 2209 2376 5

359 2417 443 2480 Et
468 2419 738 2503 redigunt
766 2434 929 2483 actos
957 2420 1016 2484 in
1046 2442 1151 2483 sua
1171 2442 1307 2484 rura
1335 2420 1540 2483 boves.

276 2520 359 2585 Ut
384 2544 571 2605 genus
600 2522 928 2597 andierunt,
957 2522 1183 2585 animos
1209 2535 1379 2603 pater
1408 2523 1602 2584 editus
1629 2534 1843 2604 auget3

360 2626 445 2692 Et
472 2626 658 2708 pudet
684 2626 742 2690 in
771 2624 975 2707 paucis
1003 2644 1220 2688 nomen
1248 2625 1470 2686 habere
1508 2624 1680 2687 casis·
1898 2608 1905 2611 ’

275 2728 693 2812 Romuleoque
722 2727 881 2792 cadit
907 2726 1181 2812 trajectus
1208 2723 1482 2792 Amulius
1525 2749 1706 2807 ense;
2146 2789 2157 2791 ,

360 2835 697 2918 Regnaque
726 2833 988 2917 longaevo
1016 2833 1392 2897 restituuntur
1421 2854 1550 2897 avo.
1622 2871 1726 2922 Μ,
2132 2839 2214 2898 80

276 2938 409 3002 Jam
438 2941 627 3002 luerat
653 2959 858 3023 poenas
885 2937 1064 3004 frater
1091 2937 1435 3017 Numitoris,
1463 2953 1525 3003 et
1565 2961 1742 3003 omne

361 3043 673 3107 Pastorum
703 3043 938 3136 gemino
966 3044 1074 3108 sub
1105 3043 1259 3107 duce
1286 3044 1496 3127 vulgus
1523 3060 1669 3109 erat.

280 3147 646 3214 Contrahere
669 3162 945 3232 agrestes,
976 3162 1036 3211 et
1064 3148 1279 3211 moenia
1305 3169 1527 3231 ponere
1554 3151 1782 3234 utriqoe

361 3251 673 3314 Convenit.
764 3250 1093 3333 Ambigitur
1120 3250 1343 3314 moenia
1368 3263 1550 3333 ponat
1575 3264 1724 3314 uter.

280 3362 297 3393 ‘
316 3354 419 3418 Nil
446 3376 594 3439 opus
623 3355 750 3430 est‚’
780 3355 947 3430 dixit,
979 3361 996 3391 ‘
1014 3354 1379 3431 certamine‚’
1408 3354 1724 3433 Romulus,
1756 3365 1773 3395 ‘
1793 3359 1930 3424 ulle.
2122 3368 2204 3426 85

364 3459 587 3542 Magna
613 3459 764 3521 fides
793 3459 986 3524 avium
1017 3471 1141 3522 est:
1170 3460 1546 3543 experiamur
1574 3462 1756 3525 aves?

276 3564 407 3630 Res
434 3565 648 3647 placet.
736 3564 903 3628 Alter
931 3564 1034 3630 init
1060 3564 1354 3630 nemorosi
1383 3586 1528 3630 saxa
1555 3564 1784 3632 Palati:

363 3669 531 3732 Alter
560 3668 916 3734 Aventinum
946 3669 1120 3736 mane
1149 3689 1444 3734 cacumen
1471 3669 1610 3733 adit.

699 3772 822 3835 15*
