2622 4207
1084 352 1085 355 ,
1104 295 1336 352 LIBER
1372 297 1443 351 V.
2186 296 2270 359 63

319 452 598 539 Gorgone
619 453 711 517 bis
740 467 980 516 centum
1009 452 1311 537 riguerunt
1338 476 1592 539 corpora
1621 454 1766 518 visa.

400 560 665 624 Poenitet
692 559 883 644 injusti
914 582 1070 622 nunc
1099 560 1356 644 denique
1387 559 1621 624 Phinea
1649 559 1808 624 belli.

321 665 447 729 Sed
477 666 619 750 quid
650 664 834 748 agat?
883 664 1218 729 Simulacra
1244 665 1407 728 videt
1437 666 1668 729 diversa
1698 663 1900 749 figuris
1924 686 1945 742 3

317 772 727 855 Agnoscitque
758 792 930 833 suos:
976 784 1037 833 et
1064 772 1303 834 nomine
1336 792 1634 855 quemque
1665 784 1909 835 vocatos
2152 770 2272 828 15⁸

318 875 526 940 Poscit
542 898 758 960 opem:
787 877 1162 960 credensque
1192 899 1423 961 parum,
1454 878 1561 940 sibi
1591 876 1865 961 proxima
1893 873 2079 958 tangit

316 981 592 1066 Corpora
618 1005 634 1044 ε
678 1004 937 1045 marmor
960 998 1146 1046 erant.
1224 983 1524 1046 Avertitur
1549 1005 1568 1061 3
1599 996 1774 1066 atque
1796 983 1877 1044 ita
1893 980 2165 1074 supplex3

313 1085 760 1171 Confessasque
789 1109 1020 1164 manus,
1053 1088 1411 1172 obliquaque
1441 1087 1685 1150 brachia
1712 1086 1982 1162 tenden5‚

313 1199 331 1230 ‘
348 1189 596 1268 VinciS‚'
627 1193 726 1269 ait,
759 1198 778 1230 ⁴
804 1192 1032 1256 Perseu
1058 1216 1073 1255 ε
1116 1215 1359 1256 remove
1390 1192 1518 1256 sera
1546 1206 1844 1270 monstra3
1887 1206 2121 1274 tuaeque

317 1296 611 1361 Saxificos
634 1299 846 1376 vultuS‚
880 1320 1270 1383 quaecumque
1301 1322 1397 1377 ea,
1428 1300 1565 1364 tolle
1596 1298 1895 1362 Medusae.
2150 1298 2271 1360 160

312 1401 507 1480 Tolle,
539 1427 775 1488 precor.
867 1406 1010 1470 Non
1040 1429 1148 1471 nos
1177 1407 1403 1484 odium,
1433 1407 1673 1492 regnive
1704 1405 1925 1490 cupido

313 1507 624 1595 Compulit
645 1511 721 1573 ad
745 1513 969 1576 bellum
994 1535 1010 1574 ε
1054 1535 1163 1597 pro
1193 1514 1449 1599 conjuge
1479 1513 1776 1578 movimus
1806 1533 1992 1575 arma.

312 1613 518 1678 Causa
548 1615 658 1679 suit
684 1618 907 1681 meritis
935 1619 1144 1681 melior
1168 1632 1292 1696 tua,
1322 1635 1594 1704 tempore
1622 1633 1842 1682 nostra.

308 1718 452 1783 Non
482 1721 737 1784 cessisse
766 1722 947 1804 piget.
1040 1723 1224 1801 Nihil,
1253 1747 1293 1786 o
1322 1723 1658 1799 fortissime,
1689 1736 1900 1805 praeter

308 1823 497 1887 Hanc
532 1824 794 1886 animam
821 1827 1095 1888 concede
1123 1827 1267 1888 mihi
1292 1850 1310 1888 ι
1354 1842 1460 1889 tua
1487 1840 1703 1887 caete-ra
1733 1826 1947 1887 sunto.’
2155 1828 2273 1891 165

305 1927 496 1990 Talia
527 1926 768 2001 dicenti,
799 1950 998 2008 neque
1028 1948 1188 2003 eum,
1218 1948 1403 2011 quem
1432 1948 1582 1992 voce
1611 1930 1874 2012 rogabat,

304 2030 651 2115 Respicere
683 2029 940 2108 audenti,
975 2037 992 2068 ‘
1012 2029 1217 2110 Quod,
1240 2032 1259 2062 ’
1286 2032 1386 2111 ait,
1422 2034 1820 2100 ‘timidissime
1849 2035 2110 2117 Phineu,

306 2134 394 2201 Et
421 2156 670 2221 possum
699 2136 989 2215 tribuisse,
1018 2152 1080 2202 et
1107 2160 1390 2224 magnum
1419 2163 1636 2206 munus
1661 2143 1829 2207 inerti
1859 2157 1969 2223 est,

312 2240 512 2328 (Pone
542 2241 798 2328 metum)
828 2244 1083 2308 tribuam
1110 2268 1126 2307 ε
1170 2246 1334 2310 nullo
1363 2248 1658 2314 violabere
1689 2248 1869 2314 ferro.

310 2346 477 2422 Quin
504 2348 684 2411 etiam
711 2371 988 2415 mansura
1012 2351 1173 2416 dabo
1199 2369 1584 2418 monumenta
1613 2376 1722 2439 per
1750 2376 1976 2437 aevum3
2142 2362 2267 2421 170

310 2451 499 2537 Inque
531 2454 712 2517 domo
742 2457 935 2519 soceri
964 2478 1203 2541 semper
1231 2462 1584 2543 spectabere
1611 2463 1791 2523 nostri
1814 2485 1835 2541 3

310 2555 396 2621 Ut
420 2581 562 2622 mea
590 2581 657 2622 se
685 2566 886 2643 sponsi
917 2561 1137 2624 soletur
1164 2564 1425 2645 imagine
1455 2563 1719 2646 conjux)

305 2662 520 2726 Dixit:
567 2678 629 2727 et
655 2665 715 2727 in
744 2679 976 2749 partem
1007 2665 1394 2751 Phorcynida
1422 2668 1709 2732 transtulit
1736 2669 1917 2747 illam,

308 2769 405 2830 Ad
441 2791 620 2853 quam
652 2791 717 2832 se
747 2771 982 2855 trepido
1011 2771 1279 2837 Phineus
1307 2774 1645 2838 obverterat
1673 2797 1800 2840 ore.

305 2872 469 2936 Turn
501 2895 738 2959 quoque
768 2878 1002 2941 conanti
1033 2901 1141 2942 sua
1169 2879 1414 2945 flectere
1444 2881 1665 2945 lumina
1693 2885 1898 2948 cervix
2135 2892 2255 2952 175

204 2988 214 2995 ⁴
307 2978 584 3063 Diriguiu
616 3001 879 3065 saxoque
908 2985 1216 3048 oculorum
1235 2988 1495 3051 induruit
1520 2990 1754 3053 humor.

309 3082 434 3147 Sed
464 3099 664 3148 tamen
694 3109 762 3149 os
790 3089 1083 3168 timidum,
1111 3091 1424 3177 vultusque
1452 3095 1512 3156 in
1540 3116 1837 3159 marmore
1868 3097 2141 3183 supplex,

307 3186 746 3277 Submissaeque
776 3214 1006 3273 manus,
1038 3194 1343 3281 faciesque
1372 3199 1631 3263 obnoxia
1659 3202 1892 3266 mansit.
