2622 4207
1101 497 1460 575 FASTI.

486 829 654 892 ΠΒ.
701 829 812 892 111.
866 834 921 890 1.
970 828 1142 895 ΠΒ.
1189 827 1270 891 11.
1319 831 1464 890 383.
1511 825 1678 888 Lm.
1725 776 1834 887 lv}
1883 829 2030 888 809.

910 1034 1211 1078 ROMULUS
1260 1033 1348 1073 ET
1393 1032 1606 1074 REMUS
1616 1058 1630 1072 .

291 1162 619 1237 Bmmrcn,
655 1161 939 1244 depositis
968 1161 1184 1242 clypeo
1212 1157 1511 1243 paulisper
1538 1171 1600 1219 et
1633 1157 1821 1233 hasta,

380 1266 569 1342 Mars,
602 1266 747 1328 ades
772 1285 789 1334 ;
819 1278 881 1327 et
906 1265 1122 1327 nitidas
1147 1263 1380 1326 casside
1404 1263 1571 1326 solve
1597 1283 1820 1325 comas.

289 1371 431 1456 Ipse
461 1370 626 1433 vides
665 1370 932 1433 manibus
961 1370 1163 1453 peragi
1194 1368 1323 1431 fera
1352 1369 1506 1431 bella
1535 1367 1839 1430 Minervae.

307 1503 320 1508 “
381 1475 548 1538 Num
579 1476 770 1538 minus
798 1475 1063 1558 ingenuis
1093 1475 1309 1538 artibus
1340 1474 1438 1537 illa
1466 1472 1686 1537 vacat?

303 1578 565 1644 Palladis
593 1581 873 1663 exemplo
899 1580 1189 1663 ponendae
1218 1594 1492 1662 tempora
1522 1599 1690 1642 sume

378 1683 697 1769 Cuspidis:
728 1685 992 1746 invenies
1020 1697 1081 1745 et
1109 1684 1268 1766 quod
1298 1683 1537 1745 inermis
1568 1703 1730 1764 agas.

291 1786 456 1851 Tum
489 1809 725 1871 quoque
754 1788 994 1849 inermis
1023 1808 1173 1862 eraS,
1199 1788 1340 1849 cum
1369 1800 1429 1848 te
1461 1787 1744 1848 Romana
1773 1786 2053 1848 sacerdos

378 1892 581 1974 Cepit,
612 1906 676 1954 ut
701 1892 842 1953 huic
869 1889 1023 1952 Urbi
1053 1891 1281 1954 semina
1310 1891 1488 1972 digna
1519 1891 1713 1953 dares.

289 1997 397 2060 Ilia
424 1995 683 2060 Vestalis
709 1995 885 2082 (quid
917 1996 1074 2058 enim
1105 2007 1261 2058 vetat
1289 1994 1429 2056 inde
1452 1993 1695 2057 'moveri
1716 1993 1774 2078 ?)

379 2102 566 2166 Sacra
594 2103 883 2166 lavaturas
912 2101 1088 2165 mane
1119 2101 1361 2186 petebat
1390 2123 1596 2186 aquas.

289 2204 549 2270 Ventum
582 2222 710 2271 erat
738 2209 811 2272 ad
842 2208 1002 2272 molli
1034 2208 1327 2271 declivem
1355 2208 1593 2271 tramite
1619 2208 1845 2293 ripam:

380 2312 628 2376 Ponitur
658 2336 692 2376 e
723 2312 957 2377 summa
984 2314 1175 2377 fictilis
1202 2334 1352 2377 urna
1379 2313 1578 2377 coma.

294 2413 483 2480 Fessa
512 2419 731 2480 resedit
750 2419 915 2480 humi
941 2443 960 2497 3
1003 2431 1331 2501 ventosque
1363 2419 1598 2501 accepit
1626 2432 1829 2501 aperto

374 2520 636 2583 Pectore
664 2544 682 2599 3
709 2523 971 2583 turbatas
998 2522 1362 2603 restituitque
1393 2542 1619 2584 comas.

287 2623 458 2687 Dum
481 2625 673 2701 sedet,
704 2626 995 2687 umbrosae
1031 2625 1263 2700 salices,
1292 2625 1683 2707 volucresque
1711 2646 1941 2689 canorae

374 2728 681 2792 Fecerunt
710 2751 967 2807 somnOS,
998 2745 1058 2794 et
1086 2731 1217 2793 leve
1248 2752 1514 2793 murmur
1544 2752 1731 2815 aquae.

287 2834 524 2898 Blanda
555 2835 721 2919 quies
749 2835 918 2900 victis
946 2835 1143 2900 furtim
1174 2836 1437 2921 subrepit
1463 2830 1687 2914 ocelli5,

371 2940 456 3003 Et
484 2941 643 3004 cadit
673 2964 707 3003 a
741 2956 938 3005 mento
967 2943 1242 3027 languida
1270 2942 1430 3007 facta
1458 2965 1689 3007 manus.

289 3045 603 3128 Languida
633 3048 949 3130 consurgit,
979 3070 1093 3111 nec
1123 3050 1233 3111 scit
1260 3070 1367 3111 cur
1394 3049 1671 3132 languida
1699 3066 1898 3134 surgat
1923 3075 1939 3113 ε

372 3150 456 3213 Et
483 3153 709 3235 peragit
737 3153 885 3215 tales
914 3154 1121 3217 arbore
1150 3154 1292 3216 nixa
1330 3175 1505 3216 sonos
1531 3177 1548 3215 t

287 3260 303 3289 ‘
326 3251 487 3318 Utile
520 3256 592 3318 sit
622 3254 1014 3341 faustumque,
1046 3280 1279 3343 precor,
1310 3258 1472 3342 quod
1500 3258 1755 3343 imagine
1787 3263 1975 3326 somni

367 3356 641 3422 Vidimus
667 3383 684 3421 τ
715 3383 790 3423 an
820 3384 1027 3425 somno
1049 3364 1260 3427 clarius
1288 3364 1430 3426 illud
1460 3363 1629 3438 erati?

281 3463 518 3547 Ignibus
545 3464 737 3528 Iliacis
767 3467 1009 3531 aderam
1036 3491 1053 3530 ε
1096 3469 1240 3531 cum
1264 3469 1429 3553 lapsa
1457 3470 1681 3554 capillis

367 3568 615 3630 Decidit
645 3585 778 3632 ante
809 3594 1009 3636 sacros
1037 3573 1208 3636 lanea
1236 3575 1378 3637 vitta
1409 3573 1594 3639 focos.

281 3670 428 3734 Inde
456 3672 586 3734 duae
620 3674 836 3756 pariter
868 3674 1024 3759 (visu
1052 3677 1346 3760 mirabile)
1381 3679 1586 3760 palmae

2173 2109 2249 2165 10

2167 2634 2242 2690 15

2146 3165 2231 3221 20
