2622 4207
1090 324 1322 386 LIBER.
1359 328 1458 385 VI.
2163 336 2242 396 71

1052 679 1333 746 LIBER
1374 679 1485 744 VI.

784 958 983 1000 NIOBE
1031 958 1102 999 IN
1150 954 1449 1000 STATUAM
1493 956 1774 999 MUTATA.

1162 1129 1221 1168 v.
1276 1111 1421 1169 148.

293 1241 460 1302 Ante
491 1257 629 1300 suos
659 1234 857 1298 Niobe
885 1234 1175 1297 thalamos
1202 1247 1565 1317 cognoverat
1589 1232 1770 1312 illam,

293 1343 468 1406 Tum
497 1343 637 1406 cum
666 1341 985 1404 Maeoniam
1014 1341 1178 1424 virgo
1210 1340 1604 1424 Sipylumque
1635 1340 1888 1404 colebat.

299 1447 445 1512 Nec
475 1461 675 1511 tamen
707 1447 1004 1510 admonita
1033 1461 1122 1511 est
1150 1446 1331 1531 poenfi
1360 1447 1657 1531 popularis
1685 1447 1998 1510 Arachnes

302 1552 550 1616 Cedere
579 1552 887 1630 coelitibus,
919 1553 1233 1638 verbisque
1257 1553 1577 1617 minoribus
1607 1553 1711 1615 uti.

300 1658 502 1722 Multa
531 1659 749 1722 dabant
778 1660 1024 1722 animos.
1120 1659 1249 1720 Sed
1279 1659 1436 1722 enim
1465 1680 1579 1720 nec
1610 1657 1875 1742 conjugis
1905 1672 2081 1735 arteS,
2219 1665 2259 1722 5

299 1758 447 1829 Nec
478 1786 666 1846 genus
695 1764 1023 1838 amborum,
1054 1763 1374 1843 magnique
1403 1763 1664 1851 potentia
1690 1763 1875 1843 regni,

301 1869 416 1933 Sic
447 1867 733 1951 placuere
763 1866 866 1941 illi,
897 1866 1165 1948 quamvis
1195 1886 1270 1926 ea
1298 1878 1515 1926 cuncta
1544 1864 1875 1946 placebant,

293 1971 397 2036 Ut
428 1993 538 2034 sua
566 1970 879 2054 progenies
914 1992 931 2031 ε
974 1984 1035 2032 et
1061 1968 1405 2033 felicissima
1434 1982 1687 2032 matrum

302 2078 497 2143 Dicta
527 2074 679 2139 soret
708 2074 924 2152 Niobe,
956 2076 1003 2139 si
1032 2097 1150 2138 non
1182 2074 1288 2139 sibi
1320 2074 1443 2139 visa
1470 2073 1692 2141 fuisset.

305 2184 475 2249 Nam
506 2196 633 2246 sata
661 2180 915 2259 Tiresia,
945 2182 1173 2245 venturi
1203 2182 1467 2266 praescia,
1498 2181 1707 2247 Manto
2185 2192 2268 2253 10

310 2288 437 2353 Per
466 2288 695 2351 medias
725 2287 932 2365 fuerat,
965 2289 1160 2352 divino
1182 2288 1417 2353 concita
1444 2305 1629 2373 motu,

313 2392 651 2457 Vaticinata
679 2394 841 2456 vias:
887 2400 903 2430 ‘
922 2394 1272 2470 Ismenides,
1302 2394 1381 2456 ite
1411 2393 1772 2479 frequenteS,

319 2498 405 2562 Et
434 2500 570 2563 date
602 2505 866 2574 Latonae,
898 2499 1397 2582 Latonigenisque
1422 2500 1672 2576 duobuS,

322 2603 486 2667 Cum
513 2626 695 2688 prece
725 2605 898 2666 thura
927 2602 1028 2687 pia
1054 2626 1070 2664 z
1113 2603 1398 2685 lauroque
1431 2604 1704 2666 innectite
1735 2606 1982 2668 crinem.

323 2709 450 2772 Ore
480 2731 619 2772 meo
649 2709 885 2771 Latona
904 2708 1120 2793 jubet.'
1210 2706 1465 2771 Paretur
1491 2732 1507 2770 ε
1551 2724 1610 2772 et
1637 2732 1846 2774 omnes
2190 2697 2269 2780 15

322 2814 677 2877 Thebaides
697 2814 877 2899 jussis
908 2836 1015 2877 sua
1044 2828 1314 2897 tempora
1347 2812 1648 2882 frondibus
1676 2832 1884 2882 ornant
1909 2842 1925 2881 t

324 2918 653 3003 Thuraque
685 2917 826 2981 dant
856 2920 1090 2996 sanctiS,
1121 2934 1182 2984 et
1208 2921 1390 2984 verba
1419 2917 1740 3005 precantia,
1772 2924 2045 2991 flammiS.

413 3025 588 3088 Ecce
620 3026 776 3087 venit
803 3025 1083 3089 comitum
1117 3026 1313 3089 Niobe
1344 3029 1729 3093 celeberrima
1759 3032 1948 3110 turba,

327 3130 609 3195 Vestibus
637 3131 861 3194 intexto
891 3131 1163 3215 Phrygiis
1192 3135 1523 3217 spectabilis
1552 3158 1693 3198 auro
1719 3159 1736 3197 ε

330 3235 435 3313 Et,
468 3251 751 3321 quantum
781 3237 867 3299 ira
894 3237 1044 3313 sinit,
1076 3236 1374 3301 formosa:
1419 3261 1779 3323 movensque
1811 3241 2031 3308 decoro
2189 3252 2277 3313 20

334 3340 495 3404 Cum
525 3342 729 3426 capite·
747 3343 1040 3406 immissos
1069 3343 1381 3406 humerum
1411 3366 1517 3428 per
1545 3359 1855 3431 utrumque
1884 3350 2127 3435 capillos

336 3446 649 3511 Constitit:
691 3462 871 3531 utque
901 3449 1106 3511 oculos
1134 3450 1487 3513 circumtulit
1516 3452 1631 3513 alta
1660 3457 1983 3538 superbos3

339 3558 357 3589 ⁸
373 3551 530 3626 Quis
560 3551 719 3616 furor
751 3555 1022 3631 auditOS,'
1051 3555 1254 3638 inquit,
1287 3562 1304 3591 ‘
1327 3577 1671 3640 praeponere
1701 3560 1836 3626 visis

341 3655 689 3723 Coelestes?
737 3673 836 3723 aut
863 3681 971 3723 cur
991 3661 1197 3724 colitur
1226 3659 1463 3724 Latona
1489 3684 1597 3748 per
1626 3687 1756 3730 aras
1780 3690 1801 3748 3

343 3760 587 3831 Numen
609 3766 808 3831 adhuc
830 3767 954 3831 sine
983 3767 1154 3831 thure
1174 3789 1380 3841 meum
1397 3783 1487 3832 est
1508 3769 1535 3832 ?
1581 3769 1732 3834 Mihi
1751 3769 2043 3834 Tantalus
2060 3777 2285 3839 auctor,
