2622 4207
1043 288 1275 345 LIBER
1311 288 1412 345 111.
2189 290 2271 353 39

780 377 839 389 l

306 450 510 514 Causa
544 447 653 512 fuit
678 446 892 524 luctt‘iS,
922 447 1230 532 alienaque
1259 467 1483 511 cornua
1509 443 1683 510 fronti

308 556 553 632 Addita,
582 576 808 639 vosque
838 575 1020 618 canes
1050 554 1266 618 satiatae
1298 554 1580 638 sanguine
1601 551 1794 616 herili.

307 664 393 726 At
419 664 577 727 bene
609 661 657 725 si
687 682 958 745 quaeras3
1002 657 1281 724 Fortunae
1310 661 1537 723 crimen
1566 660 1624 722 in
1655 659 1773 737 illo,

308 770 374 833 N
374 792 453 833 on
484 769 678 834 scelus
705 768 989 832 invenies.
1081 765 1268 841 Quod
1298 766 1460 830 enim
1489 767 1684 831 scelus
1712 786 1877 831 error
1896 762 2207 830 habebat?

395 875 523 938 Dat
544 896 749 959 sparso
777 873 952 958 capiti
981 873 1202 938 vivacis
1231 894 1455 937 cornua
1481 872 1683 936 cervi:
2151 872 2274 934 120

308 983 437 1047 Dat
465 982 718 1066 spatium
747 980 902 1043 collo
928 1002 945 1041 ε
990 1000 1374 1064 summasque
1404 978 1742 1043 cacuminat
1770 999 1943 1057 aures
1970 1000 1987 1040 ε

308 1087 878 1172 Cum'pedibusque
906 1106 1140 1161 manus,
1169 1105 1315 1148 cum
1342 1083 1532 1166 longis
1558 1084 1805 1148 brachia
1828 1096 2019 1149 mutat

304 1192 595 1257 Cruribus
622 1213 639 1253 ε
685 1204 746 1253 et
767 1184 928 1252 velat
954 1190 1263 1253 maculoso
1290 1189 1513 1252 vellere
1542 1210 1781 1274 corpus.

304 1298 561 1363 Additus
590 1310 652 1360 et
676 1316 863 1382 pavor
892 1308 1000 1359 est.
1092 1293 1273 1380 Fugit
1292 1296 1626 1360 Autonei'us
1652 1296 1832 1362 heros
1858 1317 1874 1357 ε

308 1401 396 1465 Et
425 1422 489 1465 se
518 1412 641 1464 tam
669 1400 931 1463 celerem
960 1419 1136 1462 cursu
1165 1398 1408 1462 miratur
1435 1399 1496 1461 in
1523 1398 1674 1484 ipso.
2143 1400 2266 1463 126

306 1501 396 1566 Ut
416 1501 559 1567 vero
588 1502 769 1567 solitis
797 1523 904 1566 sua
931 1522 1156 1566 cornua
1182 1501 1328 1565 vidit
1353 1501 1416 1569 in
1444 1501 1637 1580 undis,

307 1612 325 1643 ⁴
348 1603 458 1669 Me
487 1605 770 1668 miserum
792 1605 808 1667 Ξ
830 1603 848 1634 ’
878 1603 1145 1668 dicmrus
1173 1618 1302 1668 erat
1328 1625 1346 1666 z
1387 1624 1510 1667 vox
1529 1603 1693 1669 nulla
1720 1616 1929 1671 secuta
1957 1616 2068 1671 est.

301 1705 600 1791 Ingemuit
623 1728 643 1787 ;
684 1690 806 1767 vox
833 1706 931 1768 illa
958 1704 1104 1767 fuit:
1146 1705 1551 1788 lacrymaeque
1578 1726 1688 1790 per
1714 1727 1823 1772 ora

303 1809 371 1873 N
370 1831 452 1872 on
485 1829 595 1871 sua
623 1805 944 1868 fluxerunt.
1033 1803 1215 1868 Mens
1243 1805 1471 1867 tantum
1491 1806 1733 1888 pristina
1757 1808 1992 1871 mansit.

396 1911 572 1986 Quid
594 1905 823 1972 faciat?
867 1919 1174 1992 repetatne
1199 1908 1466 1985 domum,
1496 1909 1716 1993 regalia
1743 1909 1951 1977 tecta?
2153 1914 2274 1977 130

300 2019 406 2080 An
435 2016 619 2079 lateat
647 2011 854 2077 silvis?
898 2013 1074 2075 timor
1099 2012 1237 2091 hoe,
1266 2012 1460 2097 pudor
1489 2012 1733 2100 impedit
1758 2016 1925 2081 illud.

301 2123 476 2187 Dum
508 2120 753 2195 dubitat,
776 2118 979 2181 videre
1009 2139 1230 2183 canes:
1271 2119 1614 2206 primusque
1645 2120 2009 2211 MelampuS,

300 2223 775 2304 Ichnobatesque
805 2241 991 2305 sagax
1018 2219 1226 2285 latratu
1256 2221 1422 2305 signa
1452 2223 1696 2288 dedere.

304 2329 454 2393 Inde
483 2341 658 2391 ruunt
685 2326 778 2390 alii
799 2324 1011 2412 rapida
1034 2327 1297 2392 velocius
1328 2327 1491 2407 aura,

306 2430 599 2515 Quosque
628 2428 849 2493 referre
880 2450 1050 2492 mora
1078 2444 1189 2494 est.
1281 2429 1384 2494 Ea
1410 2433 1584 2495 turba
1611 2433 1894 2519 cupidine
1920 2435 2137 2523 praedoe

306 2533 433 2596 Per
461 2554 656 2616 τηρεε,
689 2532 1106 2614 scopulosque,
1138 2531 1419 2614 adituque
1449 2535 1713 2597 carentia
1739 2555 1910 2614 saxa,
2144 2540 2263 2604 136

309 2634 455 2708 Qua
482 2635 575 2698 via
605 2633 881 2709 difficilis,
912 2631 1151 2716 quaque
1179 2645 1271 2695 est
1291 2632 1388 2695 via
1408 2633 1588 2720 nulla,
1611 2632 1896 2701 feruntur.

306 2736 414 2801 Ille
445 2735 607 2821 sugit,
637 2758 747 2821 per
776 2757 905 2821 quae
936 2733 1129 2798 fuerat
1154 2735 1289 2799 loca
1317 2757 1476 2821 saepe
1505 2750 1766 2804 secunts.

306 2842 452 2907 Heu
483 2841 734 2906 famulos
763 2841 910 2926 sugit
936 2842 1065 2926 ipse
1094 2842 1275 2906 suos!
1322 2843 1587 2908 clamare
1615 2843 1855 2925 libebat,

304 2957 323 2985 ⁴
344 2949 592 3012 Actaeon
623 2970 737 3031 ego
767 2969 897 3011 sum
923 2969 939 3009 ε
985 2948 1289 3012 dominum
1320 2951 1659 3035 cognoscite
1687 2953 1995 3018 vestrum?
2142 2959 2264 3019 140

305 3049 514 3114 Verba
543 3049 739 3112 animo
770 3050 983 3113 desunt
1009 3071 1025 3111 ε
1069 3065 1309 3114 resonat
1335 3052 1636 3119 latratibus
1666 3056 1870 3121 aether.

306 3153 513 3217 Prima
543 3153 970 3221 Melanchaetes
999 3157 1058 3220 in
1086 3171 1254 3241 tergo
1282 3159 1529 3222 vulnera
1559 3157 1743 3228 fecit:

304 3255 594 3320 Proxima
623 3257 1062 3340 Theridamas3
1106 3259 1530 3345 Oresitrophos
1556 3262 1726 3326 haesit
1750 3262 1810 3328 in
1839 3284 2025 3330 armo.

302 3360 566 3425 Tardius
596 3362 883 3441 exierant,
914 3365 1023 3428 sed
1051 3385 1160 3449 per
1187 3365 1547 3450 compendia
1574 3367 1787 3434 montis

302 3465 643 3551 Anticipata
668 3468 765 3531 via
795 3484 904 3534 est.
995 3469 1326 3533 Dominum
1355 3471 1735 3538 retinentibus
1762 3473 1874 3541 illis
2141 3483 2258 3541 145

302 3568 542 3635 Caetera
569 3573 739 3637 turba
767 3575 908 3652 coi't,
937 3573 1282 3659 confertque
1314 3576 1374 3639 in
1402 3597 1652 3663 corpore
1683 3580 1913 3650 dentes.

301 3674 436 3742 Jam
468 3677 604 3746 loca
633 3678 970 3746 vulneribus
1002 3682 1235 3746 desunt.
1328 3681 1532 3748 Gemit
1558 3685 1676 3762 ille,
1708 3706 2066 3772 sonumque2
