2622 4207
1053 292 1282 358 LIBER
1320 301 1446 357 XV.
2116 307 2235 365 145

285 463 500 546 Nuper
528 463 816 526 Abanteis
842 462 1068 544 templo
1093 460 1341 523 Junonis
1370 460 1428 521 in
1459 458 1660 542 Argis.
2113 458 2237 520 105

253 548 260 555 ’
285 566 505 631 Omnia
535 582 826 630 mutantur
854 589 870 628 ε
899 567 1037 628 nihil
1064 567 1274 629 interit.
1367 563 1566 640 Errat,
1599 578 1658 626 et
1687 564 1842 627 illinc

283 671 426 736 Huc
456 675 635 750 venit,
655 674 793 736 hinc
815 673 971 750 illue,
1002 687 1062 737 et
1091 672 1381 757 quoslibet
1407 683 1663 754 occupat
1690 684 1847 734 artus

284 778 532 862 Spiritus
558 802 573 841 ε
602 780 757 864 eque
788 779 925 843 feris
952 781 1209 842 humana
1238 779 1296 840 in
1328 799 1576 861 corpora
1596 777 1815 851 transit,

277 883 465 967 Inque
496 884 651 949 feras
678 901 874 949 noster
903 908 918 947 ε
946 908 1060 948 nec
1088 899 1357 968 tempore
1382 884 1610 966 deperit
1638 884 1774 946 ullo.

277 987 480 1072 thue
511 992 674 1054 novis
704 990 920 1074 fragilis
950 990 1206 1072 signatur
1236 1011 1377 1052 cera
1405 991 1626 1072 figuriS,
2112 983 2233 1051 110

275 1091 414 1157 Nec
446 1109 648 1159 manet
678 1111 740 1158 ut
769 1095 980 1170 suerat,
1009 1116 1124 1156 nec
1154 1093 1376 1155 formas
1405 1107 1599 1155 servat
1624 1094 1869 1155 easdem
1893 1115 1912 1171 3

276 1198 403 1262 Sed
434 1216 635 1262 tamen
665 1201 793 1282 ipsa
823 1200 1038 1260 eadem
1071 1212 1194 1262 est:
1226 1199 1481 1260 animam
1511 1198 1596 1260 sic
1627 1218 1861 1282 semper
1890 1197 2144 1262 eandem

272 1303 456 1379 Esse,
488 1306 596 1366 sed
628 1305 684 1366 in
716 1304 905 1367 varias
937 1306 1127 1368 doceo
1156 1304 1408 1387 migrare
1438 1305 1675 1387 figuras.

269 1408 461 1491 ErgO,
493 1431 566 1470 ne
588 1410 772 1492 pietas
802 1411 875 1473 sit
901 1411 1053 1474 victa
1081 1411 1358 1494 cupidine
1392 1411 1624 1486 ventris,

268 1512 509 1576 Parcite
543 1513 877 1599 (vaticinor)
912 1531 1191 1598 cognatas
1222 1517 1389 1579 caede
1420 1516 1679 1579 nefanda.
2108 1519 2246 1590 115,

270 1616 612 1682 Exturbare
645 1622 868 1683 animas
896 1643 911 1680 ε
954 1643 1067 1683 nec
1099 1622 1382 1703 sanguine
1414 1622 1648 1704 sanguis
1679 1622 1883 1685 alatur.

261 1768 264 1771 η
356 1722 441 1785 Et
470 1725 747 1807 quoniam
778 1746 994 1806 magno
1027 1724 1180 1787 feror
1212 1746 1469 1807 aequore,
1500 1726 1793 1809 plenaque
1823 1727 2013 1789 ventis

265 1825 424 1889 Vela
455 1829 634 1906 dedi3
664 1829 806 1889 nihil
835 1842 925 1890 est
952 1842 1074 1890 toto
1105 1829 1264 1910 quod
1295 1841 1518 1911 perstet
1545 1829 1603 1888 in
1632 1830 1797 1891 orbe.

263 1930 509 1994 Cuncta
540 1931 745 2008 fluunt,
777 1932 1086 2015 omnisque
1113 1953 1338 2014 vagans
1367 1930 1650 1995 formatur
1678 1933 1894 2017 imago.

262 2036 404 2120 Ipsa
437 2058 678 2121 quoque
712 2037 962 2100 adsiduo
992 2038 1261 2100 labuntur
1289 2052 1558 2123 tempora
1589 2053 1750 2102 motu
2048 2102 2049 2108 ,
2103 2049 2224 2109 126

263 2144 406 2206 Non
436 2142 611 2205 secus
642 2164 712 2204 ac
743 2142 985 2205 flumen.
1077 2144 1299 2231 Neque
1331 2145 1487 2207 enim
1520 2146 1842 2210 consistere
1865 2145 2110 2227 flumen,

263 2247 402 2310 Nec
430 2247 577 2309 levis
606 2248 748 2310 hora
780 2263 971 2331 potest
997 2272 1012 2310 t
1044 2250 1173 2327 sed,
1204 2263 1268 2312 ut
1297 2251 1454 2313 unda
1486 2251 1798 2334 impellitur
1829 2255 2008 2333 unda,

260 2350 638 2436 Urgeturque
667 2355 826 2436 prior
854 2356 1130 2431 venienti,
1160 2370 1449 2439 urgetque
1479 2358 1758 2439 priorem,

260 2453 568 2540 Tempora
599 2457 683 2519 sic
714 2457 941 2541 fugiunt
968 2462 1205 2542 pariter,
1236 2461 1570 2544 pariterque
1603 2477 1959 2544 sequuntur:

260 2560 341 2623 Et
364 2584 516 2623 nova
533 2576 667 2624 sunt
689 2584 924 2644 semper
947 2585 963 2623 t
985 2572 1121 2624 nam
1147 2564 1304 2644 quod
1330 2562 1436 2624 suit
1458 2565 1612 2640 ante,
1632 2566 1899 2629 relictum
1917 2584 2043 2633 est:
2094 2579 2214 2636 125

259 2665 496 2748 Fitque,
530 2667 688 2748 quod
720 2667 877 2728 haud
910 2665 1099 2728 fuerat
1127 2688 1143 2726 τ
1192 2681 1610 2751 momentaque
1641 2685 1855 2733 cuncta
1904 2694 2208 2740 novantur·

258 2769 476 2833 Cernis
506 2784 565 2832 et
595 2792 859 2833 emersas
888 2771 944 2832 in
975 2772 1174 2834 lucem
1202 2772 1449 2848 tendere
1479 2786 1703 2851 nocteS,
2027 2775 2030 2776 ⁷

255 2873 336 2936 Et
357 2875 534 2959 jubar
564 2875 676 2937 hoc
708 2876 952 2937 nitidum
983 2877 1157 2959 nigrae
1190 2878 1517 2939 succedere
1546 2880 1725 2942 nocti.

254 2979 389 3041 Nec
422 2981 585 3042 color
616 2995 704 3041 est
731 2981 890 3043 idem
923 2982 1096 3057 coe10,
1128 2982 1264 3044 cum
1311 2983 1462 3045 lassa
1488 2986 1684 3067 quiete

251 3082 487 3145 Cuncta
505 3083 710 3167 jacent
738 3086 977 3164 media3
1008 3088 1266 3169 cumque
1296 3087 1429 3150 albo
1460 3087 1704 3152 Lucifer
1733 3094 1857 3157 exit
2070 3104 2194 3165 130

250 3186 463 3251 Clarus
493 3211 646 3271 equo
674 3211 690 3250 τ
718 3213 1064 3274 rursumque
1096 3192 1261 3267 aliuS,
1292 3192 1432 3253 cum
1463 3194 1676 3275 praevia
1704 3197 1820 3259 luci

244 3292 636 3386 Tradendum
668 3294 902 3357 Phoebo
933 3296 1251 3360 Pallantias
1279 3296 1463 3361 inficit
1489 3300 1718 3361 orbem.

243 3397 378 3479 Ipse
412 3398 507 3459 dei
538 3399 799 3481 clypeus,
829 3402 986 3463 terra
1014 3402 1152 3464 cum
1183 3402 1396 3464 tollitur
1424 3403 1562 3480 ima,

244 3500 426 3564 Mane
457 3503 627 3565 rubet
653 3526 669 3562 z
699 3504 989 3588 terraque,
1020 3507 1208 3582 rubet,
1239 3507 1379 3569 cum
1409 3510 1677 3573 conditur
1702 3511 1861 3576 ima:

242 3603 549 3669 Candidus
579 3607 635 3667 in
667 3629 897 3672 summo
927 3624 1034 3685 est,
1065 3611 1271 3675 melior
1299 3624 1503 3675 natura
1534 3615 1692 3697 quod
1719 3617 1835 3682 illie
2056 3626 2174 3685 135

240 3709 500 3775 AEtheris
528 3726 636 3788 est,
665 3726 949 3797 terraeque
979 3717 1184 3798 procul
1213 3719 1481 3801 contagia
1511 3720 1666 3784 vitat.

752 3822 830 3879 13
