2622 4207
360 267 479 327 114
943 237 1700 317 METAMoRPHosEoN

358 411 554 480 Fama
581 431 763 494 tenet,
794 416 1144 502 summaque
1175 418 1422 481 domum
1453 418 1562 481 sibi
1590 417 1733 500 legit
1758 416 1819 480 in
1860 436 2040 481 arce:

360 526 830 608 Innumerosque
861 524 1069 599 adituS,
1100 545 1171 586 ac
1201 523 1361 586 mille
1392 521 1682 586 foramina
1704 522 1879 586 tectis

361 628 631 705 Addidit,
662 643 721 693 et
748 623 920 692 nullis
951 628 1190 692 inclusit
1218 628 1419 691 limina
1447 629 1649 713 portis.

361 733 561 797 Nocte
592 734 806 817 dieque
832 747 983 817 pate
1157 731 1323 797 Tota
1350 747 1443 797 est
1471 755 1551 796 ex
1581 754 1725 796 aure
1755 733 1981 797 sonanti
2009 754 2026 793 z

360 838 519 901 Tota
548 837 744 902 fremit
769 861 785 900 ε
830 860 1126 924 vocesque
1157 837 1377 902 refertz
1422 839 1709 922 iteratque
1740 837 1899 922 quod
1931 836 2111 900 audit.

360 943 542 1007 Nulla
572 944 737 1027 quies
767 944 938 1021 intus,
966 943 1243 1029 nullaque
1273 943 1500 1007 silentia
1528 956 1717 1028 parte.

362 1045 498 1112 Nec
526 1059 728 1112 tamen
756 1063 847 1112 est
874 1049 1118 1126 clamor,
1148 1050 1257 1113 sed
1288 1070 1484 1133 parvae
1516 1068 1827 1111 murmura
1856 1047 2019 1110 vocis
2039 1069 2058 1108 :

364 1152 586 1228 Qualia
608 1156 685 1217 de
715 1155 929 1239 pelagi,
960 1156 1008 1218 si
1038 1155 1167 1239 quis
1195 1155 1404 1239 procul
1434 1154 1652 1229 audiat,
1683 1152 1854 1215 undis

367 1258 524 1321 Esse
556 1260 786 1323 solent:
830 1260 1143 1342 qualemve
1167 1254 1400 1334 sonum,
1432 1259 1572 1321 oum
1600 1255 1833 1340 Jupiter
1855 1270 2009 1320 anas

365 1363 666 1447 Increpuit
693 1365 902 1439 nubea,
936 1378 1205 1429 extrema
1243 1364 1496 1427 tonitrua
1523 1362 1798 1425 reddunt.

368 1468 535 1529 Atria
564 1468 734 1529 turba
762 1480 964 1531 tenent
989 1490 1005 1528 ε
1048 1467 1288 1530 veniunt
1315 1469 1448 1530 leve
1478 1467 1707 1550 vulgus,
1739 1481 1995 1551 euntque
2028 1489 2044 1529 ε

369 1570 678 1657 Mixtaque
709 1594 849 1635 oum
879 1573 1032 1636 veris
1059 1573 1280 1656 passim
1309 1587 1649 1636 commenta
1674 1586 1960 1658 vagantur

369 1676 557 1741 Millia
583 1697 925 1754 rumorum:
970 1676 1332 1764 confusaque
1362 1680 1545 1743 verba
1573 1679 1852 1743 volutant.

372 1781 433 1846 E
463 1785 672 1870 quibus
693 1785 753 1848 hi
781 1804 1002 1849 vacuas
1030 1786 1274 1870 implent
1302 1785 1670 1850 sermonibus
1699 1803 1911 1848 aures:

373 1888 455 1952 Hi
479 1904 711 1954 narrata
739 1888 934 1955 ferunt
964 1891 1119 1954 alio:
1162 1912 1558 1976 mensuraque
1588 1890 1709 1954 ficti

372 1993 609 2058 Crescit
632 2018 651 2074 ;
695 2009 755 2057 et
783 1996 992 2060 auditis
1021 1997 1236 2084 aliquid
1259 2018 1447 2059 novus
1475 1995 1673 2079 adjicit
1701 2007 1925 2059 auctor.

372 2097 497 2161 Illic
528 2098 885 2176 Credulitas,
914 2099 1029 2163 illie
1061 2099 1406 2162 temerarius
1436 2098 1645 2174 Error,

374 2201 664 2285 Vanaque
695 2203 924 2266 Laetitia
953 2218 1060 2279 est,
1090 2203 1561 2286 consternatique
1588 2201 1887 2279 Timores,

376 2306 720 2389 Seditioque
749 2328 981 2390 repenS,
1013 2306 1308 2391 dubioque
1342 2320 1582 2371 auctore
1615 2306 1872 2369 Susurri.

374 2411 511 2495 Ipsa
541 2410 680 2494 quid
708 2410 766 2473 in
797 2412 951 2474 coelo
978 2433 1199 2489 rerum,
1228 2412 1556 2497 pelagoque
1587 2424 1840 2496 geratur,

379 2514 463 2579 Et
489 2515 718 2594 tellure,
746 2516 926 2594 videt,
957 2531 1261 2604 totumque
1290 2517 1524 2604 inquirit
1551 2518 1610 2583 in
1637 2518 1864 2583 orbem.

2291 418 2328 478 Q]

2247 947 2324 1005 10

2248 1472 2329 1531 15

2241 2526 2331 2586 25
