2622 4207
405 314 523 373 130
604 277 618 296 ⁸
1011 262 1758 379 METAMoRPiiosEON

396 463 460 525 Ν
460 486 536 526 on
566 465 815 547 captiva,
847 478 1012 546 rogat
1036 487 1053 542 3
1098 464 1359 546 genitrici
1388 485 1602 546 corpus
1630 463 1954 543 inemptum

395 568 659 630 Reddite
687 591 702 628 z
747 590 895 629 neve
929 590 1068 631 auro
1097 568 1349 628 redimat
1365 568 1465 650 jus
1493 567 1651 628 triste
1683 565 1953 647 sepulcri,

400 672 523 735 Sed
556 673 849 754 lacrymis.
939 672 1137 747 Tunc,
1170 673 1308 734 cum
1339 686 1582 754 poterat,
1614 671 1940 733 redimebat
1971 684 2032 731 et
2061 672 2250 732 aur0.’

485 776 758 838 Dixerat.
851 778 930 839 At
958 777 1208 860 populus
1236 777 1548 859 lacrymaS,
1583 797 1725 858 quas
1753 775 1850 835 illa
1884 774 2139 849 tenebat,

398 880 538 945 Non
568 895 746 943 tenet.
838 881 973 963 Ipse
1005 882 1182 943 etiam
1211 881 1360 947 flens
1389 881 1715 962 invitusque
1746 879 2026 941 sacerdos
2213 881 2345 938 470

396 984 652 1047 Praebita
682 986 948 1070 conjecto
978 987 1131 1068 rupit
1158 987 1483 1067 praecordia
1512 983 1688 1047 serm.

397 1087 524 1163 Illa,
556 1111 731 1171 super
760 1104 974 1152 terram
1006 1088 1239 1151 desecto
1270 1091 1488 1171 poplite
1517 1089 1740 1163 labem,

396 1190 650 1254 Pertulit
677 1194 994 1276 intrepidos
1025 1196 1099 1256 ad
1132 1194 1250 1256 fata
1278 1193 1591 1255 novissima
1618 1193 1830 1255 vultus.

394 1295 670 1358 Troades
700 1299 1019 1378 excipiunt,
1046 1297 1500 1379 deploratosque
1522 1310 1832 1357 recensent

394 1397 746 1472 Priamidas,
780 1413 839 1459 et
868 1401 1005 1481 quid
1038 1400 1267 1460 dederit
1297 1400 1510 1460 domus
1539 1419 1655 1460 una
1686 1399 1929 1462 cruoris.
2213 1403 2295 1459 47
2305 1402 2342 1458 5

397 1500 614 1584 Teque
643 1484 901 1583 gemunt,
930 1503 1133 1585 virgo3
1176 1517 1375 1584 teque,
1404 1524 1443 1564 o
1470 1502 1651 1565 modo
1681 1504 1845 1586 regia
1872 1503 2109 1588 conjux,

399 1605 597 1688 Regia
626 1606 782 1668 dicta
809 1629 1040 1690 parens,
1070 1607 1226 1668 Asiae
1257 1606 1517 1670 florentis
1546 1607 1741 1690 imago
1766 1631 1786 1688 3
1836 1623 1841 1629 ’

397 1709 580 1774 Nunc
612 1711 785 1772 etiam
818 1712 1027 1793 praedae
1058 1713 1215 1772 mala
1244 1733 1369 1773 sors
1395 1734 1409 1771 ε
1456 1734 1634 1794 quam
1664 1713 1849 1773 victor
1878 1711 2128 1794 Ulysses

400 1813 558 1876 Esse
589 1837 755 1878 suam
782 1816 980 1889 nollet,
1011 1815 1118 1876 nisi
1149 1813 1307 1896 quod
1339 1828 1537 1876 tamen
1566 1813 1836 1878 Hectora
1856 1829 2025 1897 partu

399 1917 718 1983 Edideras.
806 1919 1132 1981 Dominum
1161 1919 1331 1980 matri
1361 1919 1460 1979 vix
1489 1920 1705 2002 reperit
1734 1916 1981 1981 Hector.
2221 1921 2347 1981 480

400 2021 553 2103 Quae
585 2045 799 2107 corpus
828 2024 1144 2105 complexa
1173 2024 1380 2084 animae
1410 2037 1531 2085 tam
1562 2021 1722 2084 fortis
1750 2023 1942 2098 inane,

399 2126 573 2197 Quas
600 2129 769 2189 toties
797 2128 995 2209 patriae
1029 2128 1295 2203 dederat,
1327 2128 1610 2211 natisque,
1641 2129 1904 2209 viroque,

393 2225 563 2291 Huic
594 2252 827 2313 quoque
859 2231 959 2292 dat
985 2231 1321 2313 lacrymas3
1365 2231 1653 2311 lacrymas
1680 2230 1740 2290 in
1768 2232 2011 2294 vulnera
2051 2230 2277 2296 fundit:

400 2331 744 2416 Osculaque
777 2356 882 2396 ore
913 2335 1071 2417 legit,
1102 2349 1500 2415 consuetaque
1529 2347 1773 2415 pectora
1800 2334 2022 2415 plangit
2049 2358 2065 2396 τ

401 2435 817 2521 Canitiemque
849 2461 1014 2502 suam
1044 2452 1321 2502 concreto
1350 2437 1409 2498 in
1439 2437 1717 2519 sanguine
1746 2459 2003 2515 verrenS,
2223 2444 2346 2503 485

400 2539 587 2604 Plura
615 2544 875 2625 quidem,
908 2546 1012 2606 sed
1038 2557 1097 2605 et
1123 2543 1274 2618 haec,
1303 2542 1516 2604 laniato
1558 2557 1800 2625 pectore
1831 2543 1977 2606 dixit
2003 2566 2019 2605 ε

405 2653 421 2684 ‘
444 2646 606 2710 Nata
633 2662 745 2710 tuae
782 2648 950 2732 (quid
981 2648 1138 2710 enim
1162 2661 1430 2730 superest
1452 2646 1509 2731 ?)
1544 2648 1709 2709 dolor
1738 2648 1937 2710 ultime
1967 2649 2156 2723 matri,

401 2752 581 2827 Nata,
602 2753 772 2835 jaces
795 2775 810 2811 ε
854 2753 1145 2832 videoque
1174 2765 1363 2825 tuum,
1392 2772 1531 2811 mea
1557 2752 1818 2825 vulnera,
1849 2754 2076 2815 vulnus.

402 2854 522 2929 En,
553 2877 627 2915 ne
659 2854 1015 2937 perdiderim
1040 2872 1377 2934 quenquam
1407 2853 1532 2914 sine
1563 2854 1728 2915 caede
1759 2877 2049 2933 meorum,

397 2958 500 3019 Tu
532 2977 764 3039 quoque
795 2956 1002 3017 vulnus
1031 2955 1235 3017 habes-
1325 2957 1409 3018 At
1435 2971 1516 3033 te,
1548 2958 1683 3041 quia
1712 2958 1973 3038 foemina,
2004 2963 2176 3025 rebar
2220 2966 2344 3026 490

398 3061 458 3123 A
486 3060 639 3124 ferro
669 3074 851 3122 tutam
879 3082 895 3121 z
939 3060 1202 3123 cecidisti
1233 3076 1293 3124 et
1323 3061 1566 3126 foemina
1595 3063 1771 3129 ferro.

398 3161 640 3247 Totque
668 3179 796 3227 tuos
824 3165 983 3227 idem
1015 3164 1240 3243 fratreS,
1271 3182 1332 3230 te
1362 3169 1618 3251 perdidit
1644 3171 1825 3246 idem,

398 3268 666 3331 Exitium
694 3271 913 3356 Trojae,
942 3271 1236 3355 nostrique
1264 3275 1521 3349 orbator,
1551 3274 1833 3337 Achilles.

400 3374 483 3435 At
511 3389 822 3457 postquam
855 3375 1084 3439 Paridis
1112 3378 1329 3440 cecidit
1357 3377 1691 3458 Phoebique
1722 3380 1938 3460 sagittis
1964 3405 1983 3462 3

393 3472 443 3514 '⁸‘
467 3477 646 3541 Nunc
676 3480 898 3554 certe‚’'
931 3481 1073 3556 dixi,
1106 3489 1143 3526 4‘
1167 3504 1284 3544 non
1316 3495 1405 3543 est
1432 3481 1781 3543 metuendus
1808 3484 2132 3547 Achilles.”
2156 3491 2165 3496 Ἀ
2219 3490 2342 3549 495

403 3582 584 3644 Nunc
616 3605 848 3667 quoque
877 3582 961 3644 mi
989 3586 1340 3647 metuendus
1368 3598 1513 3650 erat.
1603 3584 1770 3653 Cinis
1798 3586 1923 3669 ipse
1955 3591 2163 3670 sepulti
2270 3564 2284 3580 ⁶

403 3684 473 3750 In
502 3707 686 3767 genus
715 3688 829 3749 hoc
861 3688 1055 3749 saevit:
1103 3685 1328 3756 tumulo
1360 3710 1594 3772 quoque
1623 3691 1909 3756 sensimus
1945 3693 2173 3762 hostem
2200 3718 2217 3760 ε
2281 3742 2285 3746 -
