2622 4207
354 271 440 330 24
935 258 1695 341 METAuoRPuosEoN

352 422 421 487 N
418 443 497 486 on
524 435 726 486 tamen
753 417 998 506 ignifero
1026 421 1337 504 quisquam
1364 420 1685 484 consistere
1714 420 1773 483 in
1803 441 1920 483 axe

350 526 459 591 Me
487 527 646 591 valet
672 540 951 611 excepto.
1036 521 1206 588 Vasti
1236 547 1472 610 quoque
1502 539 1698 590 rector
1726 523 1991 611 Olympi,

349 633 477 709 Qui
504 633 630 697 fera
656 632 891 695 terribili
910 631 1204 718 jaculatur
1233 629 1478 694 fulmina
1507 630 1739 708 dextra,
2217 635 2304 698 60

348 741 489 806 Non
519 738 790 823 agathos
818 759 1024 805 currus
1050 760 1064 799 :
1108 751 1172 801 et
1200 736 1343 821 quid
1369 736 1522 801 Jove
1552 735 1741 823 majus
1768 737 2108 803 habemus?

344 847 555 910 Ardua
581 844 771 929 prima
798 844 894 908 via
922 858 1047 908 est:
1093 856 1153 907 et
1182 840 1302 928 qua
1327 842 1428 906 vix
1459 842 1634 906 mane
1664 857 1938 908 recentes

344 952 656 1021 Enitantur
685 951 859 1036 equi:
902 952 1104 1015 medio
1133 965 1223 1015 est
1251 950 1529 1015 altissima
1550 951 1749 1031 coelo;

343 1056 525 1121 Unde
554 1079 719 1121 mare
751 1071 813 1120 et
835 1071 1023 1122 terras
1050 1057 1159 1142 ipsi
1189 1057 1333 1120 mihi
1362 1078 1516 1141 saepe
1548 1057 1749 1121 videre

341 1162 445 1229 Fit
470 1148 664 1241 timor,
695 1179 756 1228 et
782 1163 1000 1249 pavida
1025 1163 1280 1249 trepidat
1304 1161 1615 1227 formidine
1632 1178 1873 1248 pectus,
2209 1167 2294 1227 65

337 1268 563 1332 Ultima
591 1290 778 1354 prona
805 1269 901 1331 via
929 1282 1061 1346 est3
1105 1282 1166 1331 et
1195 1282 1333 1352 eget
1360 1269 1768 1332 moderamine
1797 1283 1983 1334 certo.

336 1375 518 1440 Tunc
547 1374 745 1452 etiam,
778 1396 907 1458 quae
930 1396 1028 1438 me
1061 1374 1337 1459 subjectis
1367 1375 1590 1460 excipit
1616 1376 1809 1452 undis,

335 1481 437 1546 Ne
468 1479 623 1544 ferar
650 1480 709 1543 in
738 1502 1025 1565 praeceps,
1055 1479 1290 1564 Tethys
1321 1480 1468 1543 solet
1496 1480 1621 1565 ipsa
1651 1481 1860 1544 vereri.

334 1588 538 1664 Adde,
570 1586 731 1671 quod
762 1584 1011 1649 adsidua
1039 1585 1258 1669 rapitur
1288 1585 1570 1670 vertigine
1603 1587 1824 1650 coelum
1848 1609 1868 1666 ;

336 1692 667 1777 Sideraque
701 1691 817 1755 alta
842 1691 1034 1769 trabit,
1064 1690 1363 1776 celerique
1394 1691 1689 1755 volumine
1717 1705 1970 1777 torquet.
2196 1699 2283 1756 70

330 1797 505 1862 Nitor
533 1797 593 1860 in
622 1798 973 1863 adversum:
1017 1819 1131 1861 nec
1159 1818 1281 1874 me,
1314 1795 1413 1882 qui
1442 1810 1677 1874 caetera,
1705 1797 1883 1861 vincit
1973 1856 1976 1857 γ

327 1903 594 1989 Impetus
619 1926 635 1965 ε
680 1917 740 1966 et
768 1904 975 1987 rapido
998 1903 1321 1967 contrarius
1351 1904 1572 1968 evehor
1599 1903 1747 1967 orbi.

326 2007 519 2091 Finge
550 2008 719 2069 datos
748 2029 973 2069 curruS.
1066 2006 1232 2078 Quid
1263 2006 1454 2089 agas?
1498 2009 1793 2089 poterisne
1820 2009 2022 2072 rotatis

326 2113 555 2177 Obvius
582 2114 667 2175 ire
696 2112 864 2197 polis,
893 2134 970 2175 ne
999 2125 1059 2175 te
1087 2111 1239 2175 citus
1268 2110 1494 2176 auferat
1524 2110 1701 2175 axis?

319 2218 591 2283 Forsitan
620 2231 683 2296 et
709 2217 875 2280 lucos
902 2215 1039 2293 illic,
1071 2205 1386 2300 urbesque,
1418 2216 1748 2302 domosque
2190 2226 2227 2282 7
2236 2226 2273 2284 5

320 2324 647 2409 Concipias
671 2324 865 2387 animo
888 2346 904 2385 z
930 2321 1314 2406 'delubraque
1346 2323 1487 2387 ditia
1516 2324 1686 2389 donis

318 2426 498 2495 Esse.
590 2430 714 2494 Per
740 2429 979 2492 insidias
1005 2428 1115 2492 iter
1145 2442 1254 2505 est,
1285 2426 1621 2515 formasque
1653 2430 1934 2495 ferarum.

315 2534 520 2621 thue
550 2538 704 2602 viam
733 2551 960 2613 teneas,
989 2536 1265 2622 nulloque
1297 2559 1496 2601 errore
1525 2540 1773 2604 traharis
1796 2562 1816 2620 3

314 2642 441 2706 Per
469 2657 669 2707 tamen
700 2643 933 2707 adversi
961 2643 1243 2725 gradieris
1272 2666 1496 2707 cornua
1524 2645 1733 2723 Tauri,

312 2746 777 2832 Haemoniosque
809 2768 1001 2821 arcuS,
1030 2746 1382 2827 violentique
1412 2769 1516 2809 ora
1545 2747 1788 2825 LeoniS,
2184 2756 2267 2816 80

313 2850 605 2936 Saevaque
635 2850 881 2913 circuitu
909 2847 1253 2912 curvantem
1283 2847 1526 2913 brachia
1553 2851 1730 2937 longo

308 2955 620 3041 Scorpion,
652 2969 835 3039 atque.
858 2954 1022 3016 aliter
1050 2968 1394 3019 curvantem
1422 2956 1665 3023 brachia
1694 2959 2021 3025 Cancrum.

304 3061 368 3126 N
370 3082 442 3126 ec
471 3062 583 3146 tibi.
604 3060 1022 3145 quadrupedes
1053 3059 1347 3126 animosos
1374 3063 1603 3147 ignibus
1630 3067 1759 3146 illis,

303 3165 479 3241 Quos
507 3167 566 3230 in
594 3180 838 3252 pectore
869 3167 1106 3243 habent,
1139 3187 1287 3250 quos
1315 3191 1420 3233 ore
1450 3183 1513 3234 et
1538 3173 1775 3237 naribus
1804 3175 2026 3253 efflant,

300 3272 372 3337 In
401 3288 676 3359 promptu
705 3295 915 3358 regere
946 3287 1054 3337 est.
1144 3270 1267 3336 Vix
1295 3296 1396 3339 me
1425 3263 1741 3359 patiuntur,
1774 3294 1840 3342 ut
1869 3303 2038 3346 acres
2172 3286 2254 3347 85

299 3378 608 3443 Incaluere
640 3379 856 3459 animi3
899 3381 1222 3465 cervixque
1253 3397 1545 3465 repugnat
1570 3384 1838 3449 habenis.

297 3486 382 3550 At
410 3500 492 3563 tu,
517 3483 728 3572 funesti
757 3507 833 3548 ne
865 3486 975 3549 sim
1002 3487 1105 3550 tibi
1133 3488 1394 3550 muneris
1425 3502 1646 3566 auctor,

297 3591 479 3671 Nate,
512 3614 700 3658 cave:
746 3591 889 3655 dum
916 3614 1130 3678 resque
1161 3594 1310 3670 sinit,
1341 3607 1440 3657 tua
1470 3596 1699 3680 corrige
1729 3612 1884 3662 vota.

298 3698 559 3776 Scilicet,
590 3715 655 3765 ut
682 3712 881 3764 nostro
909 3698 1171 3783 genitum
1200 3713 1259 3763 te
1286 3699 1573 3785 sanguine
1604 3706 1840 3782 credas,
