2622 4207
1054 269 1284 327 LIBER
1322 267 1477 325 XIII.
2014 274 2017 281 '
2110 281 2229 339 13}

279 414 549 492 AEacidae
575 422 863 499 ‚foecunda
892 423 994 486 fui.
1083 424 1258 488 Jacet
1284 426 1432 489 Ilion
1461 428 1705 510 ingens:

279 529 638 614 Eventuque
668 531 827 613 gravi
852 531 1012 592 finita
1033 545 1121 593 est
1140 533 1376 614 publica
1405 534 1646 595 clades:

283 636 350 697 Si
379 636 539 698 finita
567 651 784 699 tamen.
881 635 1003 698 Soli
1032 636 1172 698 mihi
1213 635 1511 718 Pergama
1541 651 1760 699 restant
1785 660 1801 697 τ
2060 643 2079 722 ’ἱ
2110 640 2232 699 500

278 739 350 801 In
381 762 673 824 cursuque
703 764 873 805 meus
902 742 1063 805 dolor
1093 755 1202 804 est.
1290 742 1479 804 Modo
1509 745 1769 806 maxima
1798 764 2017 818 rerum,

280 844 405 907 Tot
432 847 660 929 generis
682 848 944 931 natisque
976 861 1206 930 potens,
1235 849 1591 931 nuribusque
1621 849 1884 931 viroque,

284 946 464 1013 Nunc
492 953 687 1015 trahor
716 955 907 1028 exsul,
937 953 1124 1035 inops,
1154 953 1390 1014 tumulis
1414 955 1612 1015 avulsa
1640 974 1929 1029 meorum,

283 1054 603 1141 Penelopae
627 1080 882 1120 munus:
928 1078 1055 1140 quae
1087 1078 1208 1130 me,
1241 1058 1380 1117 data
1407 1078 1593 1138 pensa
1614 1059 1962 1133 trahentem,

281 1159 575 1223 Matribus
603 1161 926 1222 ostendens
953 1159 1188 1234 IthaciS,
1223 1166 1260 1195 “
1288 1159 1441 1221 Haec
1470 1157 1750 1221 Hectoris
1778 1161 1874 1221 illa
1903 1175 1991 1222 est
2108 1167 2228 1224 505
2330 1240 2341 1247 „

283 1263 470 1326 Clara
498 1286 714 1346 parens
742 1287 757 1325 ε
802 1265 928 1326 haec
958 1264 1108 1339 est,’'
1140 1265 1317 1339 dicet,
1352 1271 1388 1301 “
1409 1264 1708 1326 Priameia
1738 1264 2020 1349 conjux.’'

283 1367 550 1450 Postque
583 1384 665 1431 tot
695 1369 937 1432 amissos
970 1384 1027 1431 tu
1060 1392 1236 1445 nunc,
1270 1391 1397 1453 quae
1431 1370 1555 1431 sola
1583 1370 1820 1432 levabas

284 1472 587 1536 Maternos
616 1475 828 1549 luctuS,
857 1475 1086 1537 hostilia
1116 1471 1285 1538 busta
1313 1474 1504 1558 piasti.

285 1577 528 1641 Inferias
556 1581 709 1642 hosti
736 1581 963 1663 peperi.
1055 1579 1199 1652 Quo
1231 1579 1425 1642 ferrea
1450 1578 1658 1643 resto?

287 1683 523 1757 Quidve
555 1706 752 1746 moror
777 1684 801 1746 ?
828 1684 967 1766 'quo
996 1707 1095 1747 me
1128 1707 1346 1759 servas,
1378 1685 1661 1747 danmosa
1691 1686 2014 1748 senectus?
2115 1692 2237 1771 510

285 1788 469 1866 Quid,
504 1790 565 1850 di
595 1789 890 1861 crudeleS,
922 1788 1029 1849 nisi
1062 1789 1178 1870 quo
1208 1810 1364 1849 nova
1393 1787 1599 1848 funera
1628 1810 1889 1864 cernam,

280 1893 577 1955 Vivacem
610 1892 853 1954 differtis
883 1913 1058 1952 anum
1082 1890 1107 1952 ?
1199 1890 1354 1964 Quis
1383 1912 1556 1974 posse
1586 1906 1841 1974 putaret?

284 1998 558 2061 Felicem
591 1997 918 2071 Priamum,
947 2011 1081 2080 post
1111 1996 1300 2059 diruta
1330 1995 1647 2078 Pergama,
1680 1997 1840 2058 dici?

287 2102 461 2166 Felix
493 2117 682 2165 morte
713 2102 839 2178 sua,
868 2125 983 2165 nec
1015 2116 1092 2178 te,
1124 2124 1263 2166 mea
1289 2118 1448 2178 nata,
1479 2119 1849 2187 peremptam

286 2209 576 2291 Adspicit,
610 2222 667 2269 et
696 2208 872 2270 vitam
903 2209 1119 2291 pariter
1147 2230 1513 2292 regnumque
1543 2210 1793 2292 reliquit.
2114 2205 2234 2275 51'5

287 2315 371 2376 At
403 2311 598 2398 (puto)
631 2312 927 2375 funeribus
952 2315 1253 2390 dotabere‚
1283 2316 1446 2397 regia
1474 2315 1636 2398 virgo
1661 2340 1678 2390 3

290 2414 715 2497 Condeturque
747 2429 911 2476 tuum
941 2417 1334 2477 monumentis
1363 2437 1587 2496 corpus·
1609 2418 1791 2477 avitis·

292 2520 432 2582 Non
461 2521 588 2582 haec
622 2533 710 2581 est
741 2518 968 2580 fortuna
998 2518 1230 2579 domus.
1321 2518 1463 2579 Tibi
1492 2540 1737 2604 munera
1765 2522 1963 2581 matris

291 2624 646 2707 Contingent
677 2623 866 2697 fletuS,
898 2623 1340 2704 peregrinaeque
1371 2622 1612 2682 haustus
1642 2644 1853 2683 arenae.

294 2729 512 2791 Omnia
542 2728 925 2812 perdidimus.
1020 2725 1324 2808 Superest,
1355 2747 1461 2787 cur
1490 2726 1687 2788 vivere
1719 2741 1952 2816 tempus
2122 2731 2243 2790 520

289 2834 358 2897 In
388 2836 568 2898 breve
601 2834 938 2908 sustineam,
969 2833 1165 2916 proles
1195 2831 1519 2915 gratissima
1546 2833 1745 2908 matri,

293 2940 475 3003 Nunc
506 2940 680 3015 soluS,
711 2939 1008 3022 quondam
1038 2938 1310 3000 minimus
1341 2938 1417 3000 de
1448 2938 1622 3021 stirpe
1652 2939 1816 3016 virili,

295 3043 430 3124 Has
460 3045 630 3128 datus
661 3043 900 3106 Ismario
931 3043 1055 3126 regi
1086 3043 1421 3125 Polydorus
1452 3044 1508 3104 in
1537 3066 1692 3106 oras.

295 3149 463 3223 Quid
493 3171 689 3210 moror
719 3149 940 3211 interea
968 3148 1230 3210 crudelia
1259 3148 1503 3207 vulnera
1529 3148 1785 3229 lymphis

294 3256 579 3330 Abluere‚
613 3269 671 3315 et
702 3276 930 3335 sparsos
959 3253 1163 3314 immiti
1203 3252 1483 3334 sanguine
1512 3252 1702 3313 vultus
1728 3250 1751 3312 ?
1778 3252 1793 3281 ’
2116 3262 2236 3320 525

384 3359 556 3422 Dixit
582 3381 596 3419 z
643 3341 808 3421 et⁸ad
837 3359 989 3420 littus
1018 3380 1193 3441 passu
1223 3356 1508 3439 processit
1537 3355 1688 3431 anili,

297 3465 583 3527 Albentes
612 3462 823 3525 laniata
852 3485 1079 3525 comas·
1172 3469 1187 3498 ‘
1212 3462 1393 3535 Date,
1424 3459 1718 3538 Troades,
1750 3465 1998 3539 urnam,'

297 3569 552 3632 Dixerat
579 3565 800 3642 infelix,
829 3567 1077 3650 liquidas
1104 3567 1363 3628 hauriret
1390 3579 1454 3627 ut
1480 3566 1667 3628 undas
1693 3589 1708 3627 z

301 3674 570 3759 Adspicit
598 3672 855 3757 ejectum
885 3671 1168 3754 Polydori
1197 3672 1255 3733 in
1282 3672 1471 3734 littore
1501 3693 1733 3755 corpus,
