2622 4207
1063 296 1292 352 LIBER
1330 294 1484 352 XIIl.
2119 298 2239 356 125

205 452 208 457 ’
290 452 419 515 Sed
451 472 648 534 neque
681 451 1058 535 Naupliades'
1075 451 1298 516 facinus
1341 453 1662 516 defendere
1691 465 1934 526 tantum,
2108 451 2236 509 310

280 557 563 640 Tamque
594 572 818 640 patens,
850 559 1068 619 valuit:
1112 581 1224 622 nec
1258 581 1360 622 vos
1390 558 1632 621 audistis
1663 557 1723 619 in
1752 558 1849 619 illo

282 660 593 752 Crirnina3
638 663 897 725 vidistis:
941 664 1245 746 pretioque
1281 665 1514 747 objecta
1544 664 1842 747 patebant.

371 766 435 828 N
438 752 509 828 ec
548 767 927 830 Poeantiaden
959 768 1114 851 quod
1157 769 1337 830 habet
1363 767 1654 830 Vulcania
1684 767 1973 842 LemnOS‚

283 869 438 932 Esse
469 893 604 933 reus
633 873 821 934 merui
849 894 864 932 ε
908 870 1130 934 factum
1162 872 1462 934 defendite
1493 886 1789 935 vestrum:
1932 888 1937 894 ’

282 973 675 1038 Consensistis
706 977 902 1037 enim:
944 998 1058 1037 nec
1088 999 1186 1037 me
1218 977 1469 1038 suasisse
1501 977 1755 1058 negab0‚
2103 978 2227 1035 315

280 1077 366 1141 Ut
394 1101 458 1141 se
489 1082 864 1142 subtraheret
889 1080 1148 1161 bellique
1176 1081 1403 1160 viaeque
1432 1080 1638 1153 labori,
2162 1078 2163 1087 ’

278 1182 686 1266 Tentaretque
719 1183 877 1244 feros
905 1183 1107 1263 requie
1137 1183 1322 1244 lenire
1354 1182 1606 1243 dolores.

278 1287 492 1350 Paruit
516 1311 535 1366 3
579 1302 640 1350 et
666 1288 824 1349 vivit.
911 1287 1053 1350 Non
1083 1288 1209 1349 haec
1242 1288 1527 1350 sententia
1554 1287 1778 1350 tantum

278 1390 457 1468 Fida,
488 1392 594 1454 sed
626 1406 684 1455 et
714 1391 895 1472 felix3
940 1393 1079 1454 cum
1111 1393 1181 1455 sit
1226 1393 1383 1470 satis,
1415 1414 1546 1456 esse
1575 1394 1843 1455 fidelem.

280 1496 483 1569 Quem
518 1499 791 1581 quoniam
820 1513 983 1561 vates
1015 1499 1270 1561 delenda
1302 1499 1377 1562 ad
1410 1497 1710 1581 Pergama
1738 1512 2011 1581 poscunt,
2104 1501 2233 1562 320

278 1601 376 1664 Ne
406 1604 682 1665 mandate
712 1604 854 1665 mihi
882 1604 898 1664 τ’
941 1605 1153 1665 melius
1180 1603 1573 1667 Telamonius
1601 1605 1725 1678 ibit,
2292 1582 2303 1599 ’

279 1705 651 1790 Eloquioque
682 1709 873 1771 virum
904 1709 1124 1771 morbis
1153 1707 1359 1790 iraque
1390 1707 1684 1770 furentem

272 1809 525 1887 Molliet,
552 1827 652 1874 aut
680 1811 876 1894 aliqua
903 1813 1195 1895 producet
1222 1812 1472 1873 callidus
1503 1826 1647 1873 arte.

266 1917 428 1978 Ante
460 1930 619 1978 retro
651 1916 872 1977 Simois
901 1913 1064 1992 fluet,
1096 1929 1156 1977 et
1184 1916 1308 1978 sine
1326 1914 1640 1983 frondibus
1668 1915 1778 1978 Ide

277 2020 583 2096 Stabit,.et
612 2021 894 2083 auxilium
921 2021 1219 2105 promittet
1245 2021 1480 2083 Achai'a
1509 2020 1729 2108 Trojae,
1964 2076 1979 2088 .
2107 2025 2230 2085 325

274 2125 501 2203 Quam,
533 2141 801 2189 cessante
831 2148 968 2189 meo
997 2148 1104 2209 pro
1133 2128 1339 2189 vestris
1369 2142 1610 2209 pectore
1639 2129 1839 2207 rebuS,

275 2231 477 2315 Ajacis
508 2231 697 2308 stolidi
726 2232 956 2294 Danais
986 2227 1237 2294 sollertia
1265 2232 1469 2315 prosit.

277 2335 371 2397 Sis
400 2335 538 2397 licet
564 2334 807 2400 infestus
831 2338 1030 2414 sociiS,
1062 2338 1331 2421 regique,
1361 2339 1646 2425 mihique,

272 2437 442 2502 Dure
472 2439 804 2504 Philoctete
831 2465 850 2522 3
891 2442 1032 2504 licet
1062 2464 1402 2520 exsecrere,
1432 2466 1753 2528 meumque

241 2547 248 2552 ’
276 2544 598 2608 Devoveas
628 2547 752 2608 sine
782 2547 900 2608 fine
932 2560 1150 2629 caput3
1193 2548 1516 2630 cupiasque
1549 2550 1767 2611 dolenti
2111 2556 2237 2615 330

273 2648 380 2712 Me
409 2650 511 2712 tibi
542 2648 690 2712 forte
725 2650 870 2726 dari,
902 2662 1281 2732 nostrumque
1311 2651 1546 2713 haurire
1576 2673 1890 2733 cruorem3

279 2753 512 2839 [thue
543 2755 624 2817 tui
655 2756 818 2832 mihi,
851 2755 935 2817 sic
965 2755 1067 2817 fiat
1096 2755 1196 2817 tibi
1228 2756 1403 2838 copia
1431 2758 1618 2820 nostri
1644 2756 1692 2842 ε]

271 2859 369 2922 Te
400 2874 598 2922 tamen
623 2862 929 2944 aggrediar
957 2884 972 2923 ε
1021 2860 1416 2947 [mecumque
1446 2864 1737 2928 reducere
1760 2865 1963 2951 nitar.]

264 2964 543 3048 Tamque
573 2967 899 3049 tuis'potiar
932 2965 1153 3051 (faveat
1185 2967 1474 3053 Fortuna)
1508 2972 1743 3053 sagittis,

274 3069 481 3143 Quam
513 3093 642 3134 sum
673 3071 1000 3148 Dardanio,
1032 3095 1210 3156 quem
1233 3075 1389 3158 cepi,
1419 3089 1553 3138 vate
1581 3080 1795 3159 potitus
1822 3103 1837 3141 τ
1938 3097 1943 3100 ⁴
2098 3087 2222 3145 335

277 3175 480 3248 Quam
512 3198 791 3259 responsa
822 3177 1023 3260 deum,
1054 3178 1436 3263 Trojanaque
1468 3180 1607 3257 fata,
1637 3184 1866 3245 retexi:

274 3279 480 3353 Quam
508 3282 673 3364 rapui
704 3281 978 3365 Phrygiae
1010 3284 1238 3366 signum
1267 3288 1569 3367 penetrale
1599 3286 1885 3356 Minervae

274 3384 564 3448 Hostibus
594 3409 628 3448 e
656 3387 888 3451 mediis.
981 3387 1065 3450 Et
1092 3409 1156 3451 se
1186 3389 1329 3450 mihi
1359 3404 1666 3472 comparat
1693 3392 1853 3477 Ajax
1877 3392 1904 3456 ἓ

269 3489 514 3574 'Nempe
546 3492 677 3574 capi
717 3490 964 3575 Trojam
994 3493 1384 3575 prohibebant
1411 3491 1536 3554 fata*
1559 3494 1684 3556 sine
1712 3493 1842 3560 illis.

273 3594 468 3659 Fortis
498 3598 598 3659 ubi
630 3609 718 3658 est
745 3596 954 3681 Ajax?
1000 3598 1099 3659 ubi
1130 3611 1263 3660 sunt
1291 3597 1548 3679 ingentia
1577 3602 1774 3684 magni
2100 3602 2233 3681 3404

343 3703 486 3765 erba
514 3700 669 3764 viri?
716 3699 844 3765 Cur
871 3700 967 3764 hic
998 3686 1263 3765 metuis?
1308 3723 1417 3765 cur
1447 3703 1625 3766 audet
1651 3704 1899 3787 Ulysses

959 3813 987 3867 1
1004 3805 1081 3872 1*
