2622 4207
371 280 455 372 06
952 286 1707 351 METAMORPHOSEON

372 449 691 534 Tantaque
722 449 1060 533 simplicitas
1088 447 1408 531 puerilibus
1438 448 1601 511 affuit
1630 449 1817 524 anniS,

375 553 530 621 Haec
560 576 795 640 quoque
826 555 1150 637 virgineum
1178 554 1363 621 movit
1377 552 1615 638 jactura
1644 554 1933 619 dolorem.

461 662 691 746 Raptor
721 661 837 744 agit
864 681 1089 735 currus,
1120 672 1182 720 et
1206 659 1445 725 nomine
1476 681 1775 743 quemque
1806 671 2047 724 vocatos

376 766 745 834 Exhortatur
773 788 960 850 equos
985 789 1002 827 ι
1048 787 1301 850 quorum
1330 788 1438 850 per
1467 767 1620 831 colla
1645 766 1940 851 jubasque

375 874 624 943 Excutit
649 871 905 937 obscura
931 873 1141 937 tinctas
1169 871 1465 956 ferrugine
1503 873 1788 937 habenas.

373 979 615 1063 Perque
645 979 814 1043 lacus
843 979 1009 1056 altos,
1040 993 1102 1045 et
1127 980 1347 1045 olentia
1375 978 1594 1045 sulfure
1625 978 1807 1042 fertur

375 1083 600 1169 Stagna
629 1084 992 1162 Palicorum,
1022 1084 1196 1170 rupu'i
1223 1085 1508 1151 ferventia
1535 1085 1693 1150 terra
1718 1108 1737 1148 ε

373 1189 460 1255 Et
483 1213 603 1276 qua
631 1192 1012 1270 Bacchiadae,
1041 1194 1251 1259 bimari
1280 1216 1426 1278 gens
1462 1207 1591 1257 orta
1628 1191 1935 1268 CorinthO,

371 1297 532 1361 luter
559 1299 875 1383 inaequales
903 1314 1225 1384 posuerunt
1252 1302 1472 1364 moenia
1499 1312 1721 1383 portus-

462 1404 577 1471 Est
603 1405 866 1470 medium
896 1404 1163 1489 CyaneS‚
1194 1419 1255 1469 et
1282 1406 1488 1470 Pisaeae
1518 1406 1851 1481 Arethusae,

373 1509 561 1584 Quod
590 1512 713 1575 coi‘t
741 1512 998 1595 angustis
1026 1513 1321 1576 inclusum
1350 1513 1625 1576 cornibus
1653 1533 1875 1595 aequor.

371 1614 498 1680 Hic
528 1615 654 1694 fuit,
679 1639 716 1680 a
744 1617 911 1702 cujus
941 1632 1212 1702 stagnum
1242 1639 1477 1704 quoque
1507 1618 1744 1681 nomine
1776 1617 2000 1681 dictum
2028 1629 2138 1692 est,

371 1721 533 1787 Inter
565 1722 857 1787 Sicelidas
885 1722 1100 1808 Cyane
1141 1724 1529 1789 celeberrima
1557 1725 1850 1808 nymphas
1874 1747 1896 1803 3

371 1830 745 1914 Agnovitque
777 1830 959 1895 deum
984 1853 1001 1894 ε
1048 1838 1065 1868 ‘
1089 1831 1226 1895 Nec
1254 1832 1491 1915 longius
1512 1829 1704 1907 ibitis‚’
1734 1830 1956 1914 inquit:

374 1943 392 1981 ⁶
415 1936 480 1999 N
479 1959 557 2000 on
586 1952 755 2020 potes
783 1938 972 2001 invitae
1005 1937 1248 2002 Cereris
1276 1959 1460 2020 gener
1489 1958 1622 2000 esse
1650 1959 1667 1998 ε
1709 1934 1994 2019 roganda,

372 2040 515 2105 Non
544 2042 829 2125 rapienda
858 2041 983 2103 suit.
1075 2040 1263 2114 Quod
1292 2043 1341 2102 si
1371 2061 1732 2124 componere
1762 2040 1995 2122 magnis

371 2145 572 2209 Parva
599 2147 742 2208 mihi
773 2144 863 2208 sas
891 2159 1027 2222 θείς
1068 2159 1130 2207 et
1157 2165 1256 2207 me
1287 2145 1497 2207 dilexit
1523 2143 1773 2226 Anapis·

371 2249 644 2315 Exorata
671 2265 890 2324 tamen,
919 2269 1057 2323 nec,
1085 2263 1150 2310 ut
1169 2249 1324 2324 haee,
1343 2248 1626 2310 exterrita
1653 2247 1868 2330 nupsi-⁹

369 2355 585 2420 Dixit:
630 2369 710 2431 et,
739 2352 800 2418 in
822 2365 1018 2437 partes
1048 2353 1310 2442 diversas
1342 2352 1583 2416 brachia
1610 2352 1881 2428 tendenti,

371 2461 631 2526 Obstitit.
723 2458 908 2524 Haud
937 2459 1090 2524 ultra
1114 2459 1301 2524 tenuit
1331 2458 1642 2523 Saturnius
1671 2457 1863 2522 iram:

369 2567 814 2653 Terribilesque
842 2567 1106 2631 hortamus
1135 2587 1345 2650 equoe,
1374 2565 1435 2628 in
1459 2557 1704 2649 'gurgitis
1731 2565 1860 2634 ima

371 2674 725 2742 Contortum
754 2674 949 2738 valido
979 2689 1280 2757 sceptrum
1308 2673 1510 2757 regale
1539 2673 1765 2736 lacerto
1883 2689 1892 2696 ·

372 2780 677 2846 Condidit.
764 2779 892 2842 Icta
919 2778 1079 2841 viam
1106 2779 1276 2840 tellus
1313 2778 1375 2838 in
1404 2775 1850 2851 Tmara‘secit,

374 2885 460 2950 Et
487 2907 702 2969 pronos
730 2904 939 2947 currus
964 2882 1165 2944 medio
1195 2895 1426 2945 cratere
1455 2882 1710 2966 recepit.

369 2991 454 3055 At
481 2989 717 3073 Cyane,
747 3001 1094 3071 raptamque
1126 2987 1328 3063 deam,
1357 3001 1815 3075 contemptaque
1845 2987 2019 3054 fomis

366 3094 514 3159 Jura
541 3095 631 3159 sui
660 3115 941 3182 meet-eus,
968 3093 1391 3157 inconsolabile
1419 3095 1632 3160 vulnus

369 3199 578 3265 Mente
607 3201 756 3284 gerit
781 3199 980 3277 taciffi,
1008 3199 1406 3284 lacrymistpe
1439 3201 1760 3265 absumitur
1786 3202 1978 3265 omnis
2002 3225 2020 3262 z

371 3305 476 3382 Et,
508 3328 755 3391 quarum
782 3306 975 3371 fuerat
1001 3327 1285 3390 mafflum
1313 3306 1496 3369 modo
1523 3329 1764 3384 numen,
1794 3309 1856 3370 in
1882 3308 2010 3371 illas

371 3410 750 3478 Extenuamr
776 3434 981 3497 aquas.
1071 3410 1289 3475 Molliri
1318 3412 1592 3474 membra
1617 3413 1892 3475 videres.

372 3517 531 3583 Ossa
558 3518 676 3601 pati
703 3517 940 3584 flexus.
982 3540 1213 3602 ungues
1238 3517 1504 3602 posuisse
1543 3518 1844 3601 rigorem.

373 3623 697 3707 Primaque
728 3623 807 3686 de
834 3624 963 3686 tota
984 3623 1327 3686 tenuissima
1356 3644 1606 3707 quoeque
1636 3625 1988 3708 liquescunt,

371 3725 632 3793 Caerulei
658 3726 873 3803 crines,
903 3726 1205 3810 digitique,
1233 3742 1297 3792 et
1315 3749 1514 3805 crura,
1537 3729 1847 3819 pedesque
1870 3752 1888 3790 ε

2194 663 2328 725 240

2194 1192 2325 1254 245

2197 1724 2329 1784 250

2193 2255 2325 2312 255

2194 2776 2327 2842 266

2192 3309 2322 3380 265
