2622 4207
1043 286 1273 345 LIBER
1313 288 1436 342 XV.

261 442 345 512 Et
371 445 541 532 lepus
568 445 898 529 impavidus
925 446 1135 508 mediis
1164 447 1377 509 erravit
1402 445 1462 507 in
1492 444 1644 527 agris
1672 466 1687 505 :

259 552 399 616 Nec
429 575 536 616 sua
564 553 878 615 credulitas
910 552 1132 634 piscem
1163 551 1552 634 suspenderat
1580 550 1758 611 hamo
1788 570 1803 609 ε

262 656 500 720 Cuncta
527 658 650 719 sine
679 657 917 732 insidiis,
946 657 1282 738 nullamque
1313 655 1574 717 timentia
1602 652 1891 728 fraudem,

262 760 571 845 Plenaque
603 762 765 845 pacis
796 776 977 824 erant.
1071 761 1398 842 Postquam
1427 782 1542 821 non
1572 759 1721 821 utilis
1758 771 1958 821 auctor

259 863 531 927 Victibus
561 866 776 940 invidit,
795 866 1084 950 (quisquis
1113 864 1218 926 suit
1244 865 1341 926 ille
1371 862 1657 945 virorum)

260 968 714 1053 Corporeasque
745 972 930 1053 dapes
961 970 1194 1031 avidam
1225 969 1504 1031 demersit
1530 968 1589 1028 in
1621 968 1809 1028 alvum
1836 990 1855 1044 ;

262 1073 439 1136 Fecit
465 1075 573 1136 iter
604 1076 848 1136 sceleri:
899 1073 1203 1155 primaque
1237 1094 1269 1131 e
1313 1072 1477 1132 caede
1509 1069 1764 1131 serarum

257 1177 579 1239 Incaluisse
609 1193 815 1261 putem
844 1176 1203 1237 maculatum
1235 1175 1513 1256 sanguine
1546 1171 1786 1234 serrum.

258 1281 454 1364 quue
488 1283 622 1344 satis
651 1281 880 1343 suerat:
924 1295 1303 1363 nostrumque
1333 1280 1591 1363 petentia
1622 1279 1804 1340 letum

261 1384 538 1468 Corpora
566 1387 742 1447 missa
769 1387 922 1460 neci,
956 1385 1117 1448 salva
1145 1386 1383 1467 pietate,
1416 1384 1667 1447 fatemur
1694 1407 1709 1443 :

264 1489 387 1551 Sed
424 1490 596 1572 quain
632 1490 826 1553 danda
854 1491 1008 1564 neci,
1039 1505 1160 1551 tam
1191 1511 1305 1551 non
1338 1490 1633 1572 epulanda
1663 1487 1913 1551 fuerunt.
1976 1563 1985 1567 q

261 1593 527 1676 Longius
556 1595 694 1656 inde
721 1595 887 1656 nefas
920 1594 1057 1656 abiit
1084 1617 1101 1658 ε
1146 1608 1206 1655 et
1236 1594 1424 1675 prima
1452 1607 1684 1676 putatur

262 1697 477 1760 Hostia
507 1721 605 1760 sus
633 1699 918 1759 meruisse
947 1699 1114 1772 mori,
1146 1698 1281 1778 quia
1308 1697 1530 1758 semina
1555 1697 1752 1780 pando

265 1801 506 1865 Eruerit
531 1815 735 1875 rosan,
766 1821 1047 1882 spemque
1076 1792 1444 1881 interceperit
1472 1801 1623 1860 anni.

263 1903 402 1966 Vite
433 1926 612 1986 caper
640 1903 834 1965 morsa
864 1902 1091 1964 Bacchi
1118 1902 1460 1964 mactandus
1489 1903 1562 1963 ad
1594 1923 1722 1963 aras

265 2008 521 2071 Ducitur
549 2009 762 2071 ultoris.
852 2007 1075 2069 Nocuit
1105 2030 1210 2069 sua
1252 1994 1427 2091 culpa
1458 2007 1706 2070 duobus.

264 2115 429 2188 Quid
462 2114 750 2177 meruistis
778 2136 938 2189 oveS‚
969 2114 1268 2196 placidum
1302 2136 1504 2195 pecus,
1535 2114 1711 2196 inque
1754 2116 2004 2179 tuendos

265 2219 486 2282 Natum
511 2220 795 2295 homineS‚
824 2221 999 2303 pleno
1029 2242 1155 2301 quae
1187 2219 1346 2282 sertis
1375 2221 1432 2282 in
1462 2220 1643 2282 ubere
1673 2234 1876 2284 nectar
1907 2221 1932 2283 ?

269 2322 470 2385 Mollia
502 2345 628 2406 quae
659 2325 822 2387 nobis
851 2339 1074 2387 vestras
1103 2326 1395 2386 velamina
1422 2327 1584 2388 lanas

271 2425 573 2503 Praebetis‚
602 2428 833 2510 vitaque
863 2428 1070 2509 magis,
1103 2429 1280 2510 quam
1309 2446 1497 2490 morte
1525 2430 1763 2511 juvatis.

272 2530 435 2603 Quid
463 2533 734 2593 meruere
769 2534 967 2605 boveS‚
999 2532 1211 2592 animal
1242 2533 1365 2592 sine
1397 2531 1602 2592 fraude
1635 2533 1919 2613 dolisque,

271 2633 618 2711 Innocuam,
650 2635 920 2716 simplex,
951 2646 1151 2694 natum
1180 2634 1431 2695 tolerare
1462 2633 1739 2696 labores?

271 2738 590 2802 Immemor
620 2752 709 2801 est
737 2740 999 2813 demum,
1030 2760 1140 2800 nec
1170 2736 1403 2820 frugum
1433 2760 1677 2801 munere
1710 2739 1934 2823 dignus,

273 2843 395 2917 Qui
424 2844 610 2927 potuit
636 2844 796 2906 curvi
828 2844 1068 2924 dempto
1097 2843 1276 2905 modo
1306 2844 1567 2927 pondere
1600 2845 1770 2908 aratri

277 2948 620 3011 Ruricolam
649 2963 908 3010 mactare
939 2970 1109 3011 suum
1136 2971 1150 3008 ε
1197 2949 1293 3031 qui
1326 2949 1453 3011 trita
1482 2949 1681 3012 labore

269 3051 400 3128 Illa,
432 3052 638 3135 quibus
665 3053 833 3114 toties
864 3054 1074 3114 durum
1114 3069 1493 3116 renovaverat
1523 3066 1745 3134 arvum,

276 3154 396 3218 Tot
426 3157 671 3219 dederat
698 3178 942 3234 messeS‚
972 3158 1255 3240 percussit
1284 3158 1435 3219 colla
1466 3162 1683 3222 securi.

363 3260 427 3322 N
430 3281 501 3323 ec
533 3261 668 3323 satis
699 3276 805 3337 est,
838 3262 994 3344 quod
1024 3263 1138 3324 tale
1168 3261 1334 3324 nefas
1363 3266 1773 3329 committitur:
1816 3269 1972 3352 ipsos

267 3358 630 3447 ‚Inscripsere
662 3366 808 3427 deos
836 3367 1063 3442 sceleri,
1092 3388 1428 3449 numenque
1459 3390 1772 3452 supernum

279 3466 466 3531 Caede
494 3468 785 3532 laboriferi
814 3470 1060 3532 credunt
1097 3472 1355 3553 gaudere
1384 3472 1644 3555 juvenci.

278 3569 533 3636 Victima
559 3572 691 3634 labe
721 3594 948 3648 esrem,
979 3588 1039 3635 et
1065 3575 1527 3657 praestantissima
1558 3576 1762 3655 forma,

283 3674 471 3758 (Nam
500 3676 788 3761 placuisse
818 3677 1020 3761 nocet)
1050 3679 1200 3742 vittis
1229 3680 1524 3763 praesignis
1554 3696 1614 3743 et
1643 3704 1802 3756 aure,

2095 291 2215 352 143

2131 866 2211 924 45

2133 1390 2214 1447 50

2136 1910 2213 1967 55

2136 2392 2219 2494 66

2132 2957 2211 3018 65

2137 3483 2218 3537 70
