2622 4207
1025 307 1257 364 LIBER
1294 309 1394 365 IV.
2198 318 2281 380 55

320 464 534 530 Pande
565 465 881 549 requirenti
911 488 1128 529 nomen
1157 482 1447 552 terraeque
1477 482 1765 553 tuumque
1791 493 1809 549 ;

322 569 409 635 Et
436 594 545 634 cur
576 571 766 634 vincla
797 573 1012 654 geras.’
1102 573 1308 636 Primo
1340 576 1472 638 silet
1497 576 1595 638 illa
1622 598 1637 636 ε
1682 598 1798 639 nec
1829 577 2011 640 audet

321 678 648 762 Appellare
678 679 867 741 virum
898 679 1060 763 virgo
1087 703 1101 742 ι
1145 682 1535 764 manibusque
1567 683 1869 746 modestos

324 783 603 846 Celasset
630 784 858 864 vultus3
904 786 950 849 si
974 808 1093 849 non
1121 787 1364 869 religata
1393 786 1617 850 fuisset.
2161 793 2286 853 320

323 888 606 966 Lumina,
642 892 800 974 quod
830 892 1034 974 potuit,
1065 893 1346 976 lacrymis
1375 894 1639 977 implevit
1665 897 1904 960 obortis.

324 993 558 1079 Saepius
588 996 835 1072 instanti,
866 1019 975 1061 sua
1003 1019 1079 1060 ne
1111 999 1327 1061 delicta
1356 997 1525 1062 fateri

324 1099 506 1163 Nolle
538 1101 857 1178 videretur,
888 1124 1107 1165 nomen
1136 1119 1427 1186 terraeque
1459 1127 1771 1189 suumque,

324 1203 692 1289 Quantaque
725 1222 1006 1271 maternae
1039 1206 1210 1271 fuerit
1241 1210 1457 1272 fiducia
1490 1209 1712 1287 formae,

324 1307 578 1371 Iudicat.
674 1309 778 1387 Et,
808 1312 1069 1375 nondum
1103 1315 1445 1381 memoratis
1474 1317 1764 1394 omnibus,
1795 1317 1957 1382 unda
2161 1325 2284 1385 325

323 1412 591 1477 Insonuit
617 1438 633 1475 ε
677 1417 1035 1501 veniensque
1064 1419 1359 1483 immenso
1389 1422 1583 1484 bellua
1612 1439 1792 1506 ponto

326 1516 596 1595 Eminet,
628 1535 688 1583 et
715 1522 897 1585 latum
929 1525 1036 1587 sub
1067 1540 1309 1607 pectore
1344 1528 1604 1609 possidet
1634 1550 1853 1613 aequor.

327 1622 689 1689 Conclamat
719 1628 880 1710 virgo
904 1650 919 1689 z
965 1631 1191 1711 genitor
1221 1631 1503 1712 lugubris,
1535 1649 1596 1695 et
1626 1655 1831 1719 amens

323 1727 530 1791 Mater
563 1731 778 1808 adest3
821 1734 997 1794 ambo
1020 1734 1238 1808 miseri,
1271 1736 1378 1795 sed
1401 1736 1613 1817 justius
1643 1739 1760 1800 illa.

322 1829 468 1893 Nec
501 1852 712 1892 secum
746 1832 1049 1907 auxilium,
1081 1835 1190 1893 sed
1222 1834 1429 1914 dignos
1457 1850 1728 1918 ternpore
1757 1837 1950 1915 fletuS,
2166 1849 2293 1908 330

317 1935 815 2016 Plangoremque
846 1932 1040 1998 ferunt
1066 1958 1081 1997 z
1127 1931 1439 2021 vinctoque
1469 1940 1529 2001 in
1559 1963 1805 2026 corpore
1839 1947 2160 2013 adhaerent.

326 2037 500 2102 Cum
532 2038 619 2100 sic
649 2039 864 2123 hospes
896 2041 1012 2103 ait:
1060 2048 1076 2078 ‘
1099 2041 1535 2127 lacrymarum
1566 2047 1741 2132 longa
1770 2072 2015 2118 manere

328 2145 645 2229 Tempora
668 2168 779 2209 vos
807 2161 1084 2231 poterunt
1111 2172 1127 2210 ε
1173 2150 1247 2213 ad
1278 2174 1458 2235 opem
1489 2155 1683 2219 brevis
1711 2158 1858 2222 hora
1887 2160 2195 2229 ferendam

684 2267 792 2315 est.

334 2354 514 2419 Hanc
546 2378 660 2439 ego
691 2358 736 2420 si
766 2373 1034 2441 peterem
1066 2361 1329 2427 Perseus
1356 2363 1507 2428 Jove
1536 2383 1730 2446 natm,
1762 2385 1821 2434 et
1848 2373 1942 2437 ille

336 2460 628 2544 Gorgonis
659 2465 1021 2546 anguicomae
1054 2466 1318 2531 Perseus
1350 2487 1677 2553 superator,
1710 2489 1771 2536 et
1801 2477 1908 2538 alis
2163 2487 2289 2546 335

338 2566 656 2630 AEthereas
688 2590 865 2634 ausus
885 2569 1125 2652 jactatis
1154 2573 1238 2633 ire
1269 2594 1378 2654 per
1408 2596 1619 2653 auras3

340 2669 660 2734 Praeferrer
689 2673 916 2737 cunctis
945 2674 1109 2736 certe
1140 2696 1346 2756 gener.
1438 2677 1688 2741 Addere
1712 2682 1886 2746 tantis

338 2775 591 2838 Dotibus
623 2793 683 2839 et
710 2778 985 2842 meritum
1020 2777 1285 2863 (faveant
1311 2781 1496 2845 modo.
1521 2786 1792 2874 numina)
1825 2803 2005 2855 tento,

338 2878 427 2943 Ut
453 2903 589 2943 mea
611 2882 699 2958 sit,
731 2898 962 2946 servata
989 2884 1128 2947 mea
1158 2886 1385 2965 virtute,
1417 2891 1732 2971 paciscor.’

335 2986 655 3072 Accipiunt
681 2989 898 3071 legem,
942 2988 1101 3075 (quis
1129 2993 1288 3056 enim
1318 2996 1608 3062 dubitaret
1630 2998 1687 3085 ?)
1720 3016 1781 3066 et
1807 3021 1992 3084 orant,
2166 3015 2295 3078 340

337 3090 810 3177 Promittuntque
834 3095 1011 3178 super
1039 3118 1287 3179 regnum
1320 3100 1536 3178 dotale,
1566 3121 1859 3187 parentes.

430 3196 602 3261 Ecce
632 3200 790 3263 velut
816 3201 1000 3277 navis»,
1030 3204 1276 3284 praefixo
1306 3206 1541 3268 concita
1568 3224 1773 3287 rostro,

342 3300 552 3364 Sulcat
583 3323 783 3386 aquam,
804 3304 1095 3388 juvenum
1117 3309 1462 3373 sudantibus
1494 3326 1627 3374 acta
1655 3313 1928 3400 lacertis3

344 3405 451 3467 Sic
481 3405 625 3484 sera,
658 3409 889 3478 dimotis
916 3411 1173 3500 impulsu
1201 3415 1461 3497 pectoris
1489 3418 1681 3496 undis,

339 3509 606 3574 Tantum
638 3514 839 3579 aberat
867 3520 1142 3601 scopuli-3,
1174 3534 1456 3603 quantum
1485 3522 1797 3593 Balearica
1825 3546 1978 3599 torto
2168 3543 2291 3606 345

344 3614 562 3679 Funda
593 3634 783 3701 potest
812 3624 1056 3704 plumbo
1083 3625 1265 3687 medii
1293 3629 1684 3696 transmittere
1707 3638 1844 3700 coeli
1871 3662 1888 3700 z

346 3715 510 3781 Cum
540 3720 730 3782 subiti)
747 3721 1003 3804 JuveniS,
1033 3727 1289 3809 pedibus
1314 3730 1520 3800 tellure
1546 3737 1803 3817 repulsa,
