2622 4207
1067 278 1298 340 LIBER
1336 282 1459 339 XV.
1764 274 1769 279 ⁵
2121 279 2237 339 149

285 439 450 507 Cum
478 440 711 505 Junone
740 441 948 524 magis.
1042 440 1206 514 Quid
1237 463 1395 503 nunc
1429 439 1663 521 antiqua
1685 435 1964 499 recordor

288 547 531 610 Damna
563 547 677 609 mei
707 546 985 629 generis?
1030 546 1201 609 timor
1229 547 1326 608 hic
1358 545 1695 607 meminisse
1727 542 1984 625 priorum

290 652 432 715 Non
464 653 611 715 sinit.
703 652 771 713 In
801 674 898 714 me
929 652 1058 714 acui
1091 652 1409 713 sceleratos
1437 649 1673 712 cernitis
1704 668 1876 711 enses
1901 668 1919 724 3

281 756 464 829 Quos
492 758 821 841 prohibete,
871 779 1081 840 precor
1107 779 1125 835 3
1155 756 1499 839 facinusque
1528 754 1790 838 repellite
1818 775 1834 813 ε
1873 771 2027 814 neve
2116 752 2241 810 230

288 861 477 924 Caede
508 863 828 927 sacerdotis
858 861 1127 925 flammas
1157 863 1506 944 exstinguite
1544 859 1789 922 Vestae.’

377 966 553 1030 Talia
580 969 974 1051 nequicquam
1003 982 1126 1030 toto
1153 966 1365 1030 Venus
1395 967 1570 1029 anxia
1598 966 1753 1027 coelo

290 1070 494 1134 Verba
530 1073 696 1157 jacit,
727 1093 1092 1155 superosque
1122 1084 1343 1132 movet.
1434 1070 1559 1143 Qui
1602 1089 1877 1151 rumpere
1909 1089 2241 1152 quanquam

288 1175 520 1238 Ferrea
548 1200 667 1239 non
695 1190 940 1258 possunt
965 1189 1234 1236 veterum
1264 1175 1506 1236 decreta
1537 1173 1843 1248 Sororum,
1868 1210 1875 1215 .

291 1282 482 1364 Signa
509 1296 709 1342 tamen
739 1280 929 1343 luctfis
959 1281 1099 1351 dant
1127 1281 1285 1342 haud
1317 1280 1540 1343 incerta
1579 1278 1776 1341 futuri.
2123 1279 2247 1339 235

380 1387 569 1448 Arma
600 1387 793 1449 ferunt
821 1387 967 1448 inter
995 1386 1189 1469 nigras
1217 1386 1561 1469 crepitantia
1588 1385 1796 1460 nubes,

287 1491 730 1575 Terribilesque
760 1493 949 1567 tubas,
981 1486 1293 1575 auditaque
1324 1513 1548 1555 cornua
1582 1492 1737 1554 coelo

291 1595 722 1661 Praemonuisse
753 1597 939 1659 nefas.
1034 1597 1252 1660 Phoebi
1284 1619 1520 1680 quoque
1549 1597 1725 1660 tristis
1753 1596 1949 1677 imago

295 1700 522 1764 Lurida
552 1703 807 1764 sollicitis
834 1702 1135 1784 praebebat
1162 1702 1385 1764 lumina
1417 1703 1606 1764 terris.

298 1806 474 1889 Saepe
506 1806 672 1868 faces
702 1807 839 1868 visae
871 1805 1087 1867 mediis
1118 1806 1327 1867 ardere
1358 1807 1466 1867 sub
1499 1805 1697 1867 astris:
2127 1805 2254 1863 240

298 1911 478 1993 Saepe
510 1912 658 1972 inter
688 1911 919 1972 nimbos
949 1923 1119 1991 guttae
1152 1909 1431 1972 cecidere
1460 1922 1739 1971 cruentae.

295 2015 571 2078 Caerulus
602 2029 660 2076 et
690 2016 913 2076 vultum
945 2014 1240 2098 ferrugine
1272 2014 1519 2078 Lucifer
1550 2015 1676 2077 atrii

300 2122 556 2203 Sparsus
586 2137 711 2184 erat
737 2144 752 2183 ε
783 2123 963 2205 sparsi
995 2121 1269 2186 Lunares
1298 2123 1579 2204 sanguine
1610 2143 1837 2186 currus.

297 2227 518 2290 Tristia
546 2228 703 2289 mille
732 2228 877 2290 locis
909 2228 1148 2311 Stygius
1178 2229 1345 2291 dedit
1371 2229 1569 2291 omina
1597 2228 1757 2291 bubo
1783 2251 1798 2290 z

299 2330 464 2393 Mille
496 2332 639 2395 locis
669 2333 1010 2415 lacrymavit
1040 2335 1220 2396 ebur:
1250 2348 1576 2417 cantusque
1607 2332 1868 2396 feruntur
2125 2337 2252 2396 245

300 2436 523 2511 Auditi,
555 2437 768 2500 sanctis
798 2451 858 2498 et
884 2438 1067 2500 verba
1095 2438 1349 2500 minacia
1377 2438 1547 2499 lucis.

302 2538 559 2603 Victima
586 2542 746 2602 nulla
773 2540 929 2601 litat:
959 2562 1322 2621 magnosque
1353 2541 1566 2603 instare
1595 2543 1877 2605 tumultus

303 2644 487 2708 Fibra
515 2660 761 2722 monet3
791 2666 1127 2725 caesumque
1158 2658 1339 2726 caput
1365 2644 1650 2727 reperitur
1679 2645 1737 2705 in
1768 2645 1939 2709 extis.

300 2750 487 2834 Inque
517 2750 664 2825 for0,
697 2750 1040 2832 circumque
1072 2749 1302 2825 domm,
1335 2763 1394 2811 et
1422 2750 1642 2832 templa
1671 2750 1918 2812 deorum

302 2855 642 2917 Nocturnos
673 2852 923 2919 ululasse
955 2876 1136 2917 canes
1160 2876 1180 2933 3
1209 2854 1568 2937 umbrasque
1599 2854 1870 2918 silentum
2127 2861 2257 2920 250

303 2958 613 3022 Erravisse
647 2959 854 3036 ferunt,
885 2961 1224 3043 motamque
1256 2959 1606 3023 tremoribus
1638 2962 1864 3025 urbem.

305 3064 445 3126 Non
474 3079 674 3126 tamen
695 3065 953 3140 insidias,
983 3078 1346 3147 venturaque
1377 3065 1615 3127 vincere
1646 3064 1765 3128 fata

305 3168 693 3232 Praemonitus
721 3170 966 3253 potuere
997 3169 1213 3231 desim:
1250 3168 1547 3251 strictique
1578 3167 1842 3233 feruntur

305 3273 373 3334 In
401 3274 687 3356 templum
718 3274 893 3356 gladii
922 3296 937 3334 z
982 3295 1176 3357 neque
1208 3274 1369 3336 enim
1390 3273 1557 3335 locus
1585 3274 1737 3336 ullus
1764 3274 1823 3336 in
1861 3274 2029 3340 Urbe

304 3378 404 3439 Ad
436 3377 679 3454 facinus,
713 3379 1017 3461 diramque
1047 3380 1262 3461 placet,
1291 3378 1400 3440 nisi
1431 3376 1638 3453 Curia,
1669 3380 1919 3443 caedem.
2127 3389 2251 3446 255

390 3481 568 3544 ΤυῐῐιἸ
585 3483 726 3545 vero
756 3481 1063 3565 Cytherea
1090 3504 1269 3545 manu
1298 3483 1587 3565 percussit
1613 3484 1859 3569 utraque

306 3586 570 3649 Pectus:
602 3600 662 3647 et
692 3587 946 3652 aetherefi
974 3587 1207 3649 molitur
1235 3587 1496 3652 condere
1524 3589 1704 3665 nube,

305 3688 450 3762 Qua
477 3691 638 3775 prius
653 3690 878 3835 liggpsto
898 3690 1070 3754 Paris
1101 3705 1192 3754 est
1220 3704 1457 3772 ereptus
1486 3692 1728 3766 Atridae,

1155 3983 1182 4007 N
