2622 4207
374 323 460 384 64
536 324 547 331 ⁴
952 312 1708 373 METAMORPHOSEON

793 658 1204 705 rRosmu’lNA
1248 661 1290 702 A
1336 659 1636 703 PLUTONE
1682 657 1915 701 RAPTA.

1218 854 1281 893 v.
1332 836 1481 894 341.

455 983 659 1047 Prima
691 980 888 1045 Ceres
915 1002 1072 1044 unco
1103 981 1345 1064 glebam
1374 977 1620 1041 dimovit
1648 990 1841 1040 aratro
1867 966 1887 1037 :⁸

365 1088 575 1159 Prima
605 1089 769 1151 dedit
797 1086 1016 1170 fruges,
1049 1087 1447 1169 alimentaque
1478 1083 1641 1146 mitia
1670 1083 1875 1146 terris:
2203 1077 2334 1144 180

362 1193 571 1257 Prima
599 1194 763 1257 dedit
790 1195 977 1275 leges.
1070 1190 1315 1255 Cereris
1345 1212 1546 1254 sumus
1573 1189 1774 1252 omnia
1803 1210 2037 1251 munus.

365 1300 475 1363 Illa
504 1299 779 1362 canenda
807 1298 950 1360 mihi
981 1311 1093 1360 est.
1184 1295 1429 1358 Utinam
1459 1294 1641 1358 modo
1672 1294 1872 1357 dicere
1901 1313 2143 1378 possem

364 1403 654 1468 Carmina
685 1404 864 1486 digna
894 1404 1021 1465 deae
1049 1404 1063 1464 !
1113 1401 1274 1464 certe
1305 1401 1423 1463 dea
1451 1401 1713 1463 carmine
1746 1400 1925 1483 digna
1952 1412 2062 1462 est.

293 1497 297 1501 ’
449 1506 638 1572 Vasta
667 1508 951 1593 giganteis
980 1509 1207 1591 ingesta
1235 1519 1328 1570 est
1355 1506 1544 1571 insula
1573 1506 1855 1569 membris

362 1612 713 1692 Trinacris3
757 1627 819 1677 et
848 1614 1075 1696 magnis
1106 1613 1438 1699 subjectum
1468 1613 1723 1676 molibus
1750 1626 1964 1696 urguet
2202 1613 2326 1672 185

361 1719 665 1784 AEtherias
696 1742 906 1783 ausum
937 1740 1176 1804 sperare
1206 1718 1509 1803 Typhoea
1538 1719 1733 1782 sedes».

364 1826 588 1891 Nititur
618 1827 714 1890 ine
747 1827 1011 1911 quidem,
1041 1839 1383 1910 pugnatque
1411 1846 1723 1909 resurgere
1754 1845 1951 1909 saepe:

364 1932 606 1997 Dextra
635 1932 743 1996 sed
773 1931 1041 1995 Ausonio
1071 1951 1286 1994 manus
1315 1943 1406 1993 est
1434 1930 1699 2012 subjecta
1726 1929 1948 1994 Peloro
1974 1951 1991 1991 t

370 2037 578 2114 Laeva,
610 2035 926 2119 Pachyno,
956 2033 1098 2111 tibi3
1142 2033 1392 2094 Lilibaeo
1423 2053 1598 2095 crura
1631 2046 1980 2116 premuntur
2005 2056 2022 2093 ε
2115 2052 2116 2055 ’

370 2141 685 2223 Degravat
711 2139 897 2204 AEtua
924 2150 1141 2220 caput:
1187 2137 1296 2199 sub
1328 2135 1447 2219 qua
1474 2135 1783 2218 resupinus
1813 2154 2024 2199 arenas
2209 2142 2332 2205 190

367 2244 631 2330 Ejectat,
653 2243 1076 2324 flammamque
1095 2240 1222 2303 sero
1251 2241 1435 2302 vomit
1461 2260 1568 2303 ore
1597 2238 1951 2322 Typhoeus.

370 2349 547 2433 Saepe
577 2347 835 2411 remoliri
863 2347 1115 2410 luctatm·
1142 2346 1414 2430 pondera
1440 2358 1633 2423 terrae,

370 2453 752 2538 oppidaque,
785 2468 847 2517 et
866 2474 1115 2537 magnos
1143 2453 1419 2516 evolvere
1441 2473 1693 2536 corpore
1721 2466 1975 2516 montes·

365 2559 516 2624 Inde
548 2561 746 2624 tremit
772 2561 944 2624 tellus
972 2583 988 2623 ε
1031 2575 1094 2624 et
1112 2581 1225 2624 rex
1251 2573 1432 2645 pavet
1458 2560 1586 2644 ipse
1618 2557 1913 2635 silentum,

365 2666 468 2731 Ne
498 2682 717 2753 pateat,
745 2668 985 2752 latoque
1015 2669 1206 2731 solum
1234 2681 1535 2750 retegatur
1562 2666 1763 2746 hiatu3
2202 2668 2327 2730 195

368 2773 796 2855 hnmissusque
828 2773 957 2835 dies
984 2772 1348 2853 trepidantes
1375 2785 1594 2835 terreat
1622 2772 1883 2835 umbras.

368 2875 549 2940 Hanc
579 2890 853 2939 metuens
882 2876 1118 2938 cladem
1146 2875 1465 2938 tenebrosa
1492 2876 1638 2941 sede
1668 2889 1948 2959 tyrannus

368 2981 622 3046 Exierat
648 3004 663 3042 ε
707 3000 1004 3063 curruque
1035 2993 1294 3045 atrorum
1324 2994 1530 3044 vectus
1560 3002 1850 3065 equorum

368 3085 656 3152 Ambibat
688 3085 902 3150 Siculae
933 3099 1143 3150 cautus
1174 3084 1517 3152 fundamina
1544 3102 1734 3151 terrae.

369 3190 699 3276 Postquam
730 3193 1102 3277 exploratum
1132 3191 1271 3256 satis
1300 3206 1394 3257 est
1420 3194 1555 3258 loca
1581 3195 1740 3256 nulla
1769 3194 2011 3274 labare;
2194 3200 2321 3259 200

368 3295 761 3383 Depositique
790 3313 1024 3363 metusz
1067 3298 1231 3361 videt
1256 3298 1418 3359 hunc
1459 3296 1726 3381 Erycina
1753 3314 2066 3382 vagantem

288 3399 297 3407 ’
371 3401 581 3466 Monte
604 3424 712 3467 suo
741 3404 1025 3480 residens,
1056 3417 1379 3486 natumque
1410 3404 1689 3485 amplexa
1715 3404 2020 3467 volucrem
2046 3430 2066 3487 3

374 3514 393 3547 ‘
411 3508 621 3585 Arma,
652 3529 980 3593 manusque
1008 3509 1191 3585 meae,
1211 3529 1371 3584 mea,
1402 3523 1558 3583 nate,
1589 3508 1867 3590 potentia,
1889 3510 1906 3540 ’
1937 3510 2103 3588 dixit,

374 3620 392 3651 ‘
410 3612 537 3690 Illa,
569 3613 780 3697 quibus
808 3634 1052 3696 superas
1079 3634 1307 3690 omneS,
1340 3634 1491 3697 cape
1519 3613 1659 3689 tela,
1683 3610 1964 3700 Cupido,-

373 3717 563 3802 Inque
594 3719 692 3783 dei
721 3732 930 3802 pectus
958 3718 1188 3781 celeres
1209 3718 1416 3783 molire
1445 3717 1700 3802 sagittas,
1909 3747 1910 3750 ¹
2198 3727 2326 3786 205
