2622 4207
1146 290 1376 350 LIBER
1413 293 1456 348 Ι.
2279 298 2319 360 ’1

362 456 638 540 Ingentes
668 454 864 517 animo
893 466 956 516 et
984 451 1190 536 dignas
1209 450 1363 517 Jove
1393 450 1649 535 concipit
1676 449 1793 514 iras
1819 471 1839 527 ;

367 561 815 645 Consiliumque
846 573 1083 623 vocati*
1131 557 1358 622 Tenuit
1385 579 1550 622 mora
1580 557 1740 620 nulla
1766 568 2032 620 vocatos.

448 667 564 731 Est
589 667 686 730 via
715 666 996 743 sublimis,
1025 665 1182 729 coelo
1210 662 1524 728 mam'festa
1553 684 1803 727 sereno:

361 773 592 838 Lactea
618 794 837 836 nomen
866 774 1084 852 habet3
1126 771 1389 836 candore
1417 769 1685 833 notabilis
1712 769 1862 852 ipso.

363 883 504 948 Hac
533 885 643 947 iter
672 898 761 947 est
788 884 1014 968 superis
1045 882 1122 946 ad
1150 881 1352 965 magni
1378 893 1537 943 tecta
1564 877 1873 954 Tonantis,
2202 876 2327 939 170

361 985 779 1070 Regalemque
810 984 1077 1051 domum.
1167 982 1408 1048 Dextra
1433 981 1699 1066 laevaque
1730 981 1978 1044 deorum

360 1089 533 1152 Atria
560 1089 840 1152 nobilium
868 1088 1052 1152 valvis
1081 1087 1454 1150 celebrantur
1485 1084 1722 1167 apertis.

360 1191 548 1258 Plebs
575 1195 838 1258 habitant
868 1193 1100 1256 diversa
1127 1190 1293 1255 locis,
1384 1189 1445 1252 A
1474 1188 1663 1253 fronte
1693 1201 1970 1273 potentes

362 1297 691 1377 Coelicolae,
722 1301 983 1385 clarique
1013 1317 1150 1364 suos
1179 1298 1435 1384 posuere
1467 1311 1731 1382 penates.

365 1403 491 1468 Hic
518 1406 684 1470 locus
713 1420 821 1470 est·
831 1429 851 1486 3
896 1424 1098 1490 quem,-
1130 1406 1175 1469 si
1203 1405 1401 1469 verbis
1430 1404 1682 1468 audacia
1711 1403 1902 1480 detur,
2201 1404 2279 1462 17
2286 1402 2323 1461 5

367 1508 556 1574 Haud
585 1512 826 1575 timeam
856 1512 1053 1595 magni
1089 1511 1308 1574 dixisse
1339 1510 1570 1574 Palatia
1600 1508 1760 1572 coeli.

451 1615 620 1700 Ergo
647 1618 746 1681 ubi
774 1634 1113 1680 marmoreo
1143 1617 1338 1700 sup‘eri
1371 1616 1582 1679 sedere
1611 1635 1875 1692 recessu,

367 1712 605 1787 Celsior
634 1723 758 1806 ipse
786 1723 942 1797 1000,
973 1736 1325 1805 sceptroque
1354 1721 1588 1782 innixus
1618 1721 1865 1794 eburn0,

364 1823 731 1888 Terrificam
760 1821 967 1901 capitis
988 1820 1285 1881 concussit
1309 1832 1520 1900 terque
1550 1831 1874 1900 quaterque

368 1922 707 1988 Caesariem
730 1944 751 2000 3
784 1940 936 1983 ‘cum
969 1919 1087 2003 qua
1114 1933 1352 1996 terram,
1382 1938 1567 1996 mare,
1598 1918 1815 1996 sidera,
1844 1919 2044 1984 movit.
2212 1921 2334 1983 180

363 2028 624 2092 Talibus
652 2008 789 2088 inan
819 2024 1011 2087 modis
1039 2045 1145 2087 ora
1172 2023 1530 2109 indignantia
1560 2025 1771 2089 solvit:

369 2140 387 2171 ‘
411 2130 557 2195 Non
589 2151 700 2214 ego
727 2151 836 2214 pro
864 2128 1071 2191 mundi
1099 2141 1285 2212 regno
1316 2127 1504 2213 magis
1535 2130 1744 2194 anxius
1773 2130 1871 2194 illa

368 2234 761 2320 Tempestate
793 2231 893 2310 sui,
926 2232 1315 2319 qua‘centum
1345 2235 1593 2320 quisque
1623 2237 1911 2320 parabant

368 2340 621 2425 Injicere
652 2339 1048 2423 anguipedum
1078 2340 1311 2424 captivo
1337 2340 1580 2403 brachia
1603 2342 1781 2405 coelo.

371 2442 556 2517 Nam,
587 2462 922 2526 quanquam
951 2443 1110 2506 ferus
1138 2444 1322 2507 hostis
1352 2455 1498 2519 erat,
1527 2458 1729 2506 tamen
1758 2443 1901 2507 illud
1932 2445 2006 2508 ab
2037 2464 2157 2507 uno
2207 2444 2329 2507 185

376 2546 669 2631 Corpore,
702 2560 764 2608 et
792 2567 872 2609 ex
900 2544 1021 2607 una
1046 2547 1350 2629 pendebat
1375 2546 1597 2627 origine
1623 2548 1869 2609 bellum.

373 2652 556 2717 Nunc
585 2653 748 2729 mihi,
781 2650 903 2736 qua
930 2664 1129 2715 totum'
1146 2650 1388 2714 Nereus
1417 2650 1805 2714 circumtonat
1832 2652 2058 2730 orbem,

374 2757 763 2822 Perdendum
791 2759 1038 2822 mortale
1068 2779 1278 2843 genus.
1368 2756 1492 2821 Per·
1520 2757 1761 2824 flumina
1778 2758 1916 2845 juro

368 2862 586 2940 Insera,
617 2866 725 2928 sub
754 2878 938 2927 terras
969 2865 1173 2949 Stygio
1200 2866 1455 2928 labentia
1482 2866 1640 2943 lucc,

375 2965 616 3030 Cuncta
642 2966 802 3050 prius
829 2980 1049 3030 tentata
1076 2989 1092 3029 τ
1137 2968 1244 3030 sed
1273 2968 1710 3031 immedicabile
1739 2968 1947 3035 vulnus
2063 3025 2068 3029 .
2210 2975 2334 3035 190

376 3070 546 3134 Ense
575 3071 982 3149 recidendum,
1013 3094 1090 3135 ne
1120 3094 1258 3157 pars
1289 3073 1518 3137 sincera
1546 3075 1828 3138 trahatur.

376 3172 534 3235 Sunt
560 3173 704 3236 mihi
735 3173 1021 3251 Semidei,
1054 3188 1187 3237 sunt
1214 3176 1431 3239 rustica
1460 3177 1700 3239 numina
1729 3178 2051 3265 Nymphae,

376 3276 716 3362 Faunique,
749 3279 1082 3363 Satyrique,
1114 3293 1175 3344 et
1200 3281 1531 3345 monticolae
1566 3280 1785 3345 Silvani
1812 3306 1828 3345 ε

375 3382 556 3458 Quos
588 3384 865 3468 quoniam
893 3386 1032 3450 coeli
1060 3386 1325 3450 nondum
1357 3387 1667 3470 dignamur
1694 3389 1941 3468 honore,

377 3487 555 3564 Quas
584 3489 874 3567 dedimuS,
905 3491 1067 3554 certe
1098 3505 1282 3555 terras
1310 3492 1573 3554 habitare
1605 3493 1882 3557 sinamus.
2211 3493 2334 3556 195

373 3590 474 3659 An
508 3595 664 3673 satiS‚
695 3619 733 3659 o
763 3599 977 3681 superi,
1005 3611 1160 3661 tutos
1190 3596 1317 3661 sore
1348 3597 1584 3660 creditis
1612 3599 1758 3675 illos,

374 3699 543 3764 Ciun
570 3701 734 3778 mihi,
766 3702 864 3786 qui
893 3699 1136 3777 fulmen,
1169 3703 1267 3785 qui
1297 3723 1403 3766 vos
1430 3702 1763 3785 habeoque,
1794 3721 2077 3782 regoque,
