2622 4207
1018 250 1395 305 EPISTOLA
1432 253 1475 306 1.
2134 259 2248 315 155

277 406 410 470 Nos
440 405 658 489 Pylon,
692 407 909 488 antiqui
941 406 1006 468 N
1009 407 1160 470 elei‘a
1192 407 1465 470 Nestoris
1489 430 1649 484 arva,

363 511 639 574 Misimus
668 533 683 572 ι
713 510 940 574 incerta
971 526 1059 574 est
1090 512 1248 574 fama
1277 514 1525 576 remissa
1556 511 1731 596 Pylo.

274 615 553 679 Misimus
585 632 644 679 et
676 616 930 699 Sparten
959 640 974 677 t
1007 617 1223 701 Sparte
1256 640 1493 701 quoque
1524 619 1726 681 nescia
1755 620 1899 680 veri.

364 720 537 794 Quas
566 721 793 784 habitas
822 736 1026 799 terraS,
1060 737 1160 784 aut
1190 724 1289 785 ubi
1320 725 1513 786 lentus
1544 723 1731 786 abes?
2167 728 2248 787 60

273 824 491 888 Utilius
522 840 742 889 starent
771 827 949 889 etiam
980 851 1139 890 nunc
1173 830 1389 890 moenia
1424 829 1660 890 Phoebi.

364 929 627 1014 (Irascor
658 932 803 994 votis
832 934 951 994 heu
982 934 1127 995 levis
1158 935 1286 1015 ipsa
1317 935 1466 995 meis
1492 933 1537 1018 !)

278 1035 513 1098 Scirem
548 1037 649 1098 ubi
679 1059 977 1118 pugnares
1003 1060 1021 1115 3
1054 1052 1113 1099 et
1142 1039 1369 1098 tantum
1400 1038 1554 1098 bella
1585 1040 1855 1101 timerem
1881 1063 1901 1119 3

363 1138 447 1201 Et
476 1163 618 1201 mea
649 1163 788 1201 cum
821 1141 1018 1201 multis
1053 1140 1262 1224 juncta
1293 1142 1533 1222 querela
1565 1135 1733 1204 soret.

271 1242 443 1317 Quid
476 1245 720 1306 timeam
751 1245 998 1326 ignoro:
1049 1245 1228 1307 timeo
1280 1260 1480 1308 tamen
1512 1248 1709 1309 omnia
1756 1249 2048 1312 demens:
2162 1256 2240 1313 65

362 1348 449 1411 Et
479 1364 640 1431 patet
669 1350 724 1410 in
758 1372 930 1411 curas
961 1373 1098 1412 area
1130 1352 1245 1413 lata
1279 1374 1467 1414 meas.

272 1453 666 1537 Quaecunque
697 1477 895 1538 aequor
927 1457 1123 1532 habet,
1158 1479 1525 1541 quaecunque
1557 1460 1819 1541 pericula
1872 1462 2064 1539 telluS,

360 1558 521 1621 Tam
551 1560 734 1642 longae
767 1584 980 1623 causas
1011 1563 1276 1643 suspicor
1307 1585 1440 1624 esse
1477 1585 1679 1625 morae.

274 1662 427 1725 Haec
460 1686 571 1745 ego
605 1665 747 1725 dum
780 1666 949 1727 stulte
982 1666 1232 1726 meditor
1266 1664 1425 1748 (quae
1457 1680 1652 1728 vestra
1698 1668 1876 1730 libido
1929 1668 2045 1753 est)

362 1767 519 1829 Esse
551 1768 863 1849 peregrino
894 1782 1108 1849 captus·
1130 1791 1331 1829 amore
1363 1785 1555 1850 potes.
1722 1838 1733 1845 ,
2005 1796 2011 1802 ·
2158 1780 2242 1835 70

273 1871 553 1933 Forsitan
587 1885 646 1932 et
673 1892 895 1945 narreS‚
929 1870 1104 1952 quam
1138 1873 1208 1933 sit
1237 1871 1337 1933 tibi
1368 1873 1582 1934 rustica
1614 1874 1831 1958 conjux
1857 1898 1876 1955 3

360 1974 517 2047 Quae
551 1975 774 2036 tantum
804 1970 967 2037 lanas
996 1998 1112 2036 non
1143 1976 1292 2038 sinat
1322 1999 1453 2039 esse
1484 1979 1683 2040 rudes·

273 2077 514 2158 Fallar3
546 2094 607 2142 et
636 2079 749 2142 hoc
778 2079 1001 2143 crimen
1032 2094 1241 2143 tenues
1272 2098 1552 2146 vanescat
1580 2084 1636 2147 in
1682 2106 1852 2148 auras
1879 2110 1894 2148 ε

363 2184 560 2259 Neve,
590 2186 922 2247 revertendi
952 2186 1117 2261 liber,
1150 2188 1358 2249 abesse
1392 2190 1556 2251 velis.

274 2287 380 2349 Me
413 2302 579 2371 pater
610 2288 830 2350 Icarius
860 2291 1038 2352 viduo
1069 2291 1382 2355 discedere
1422 2294 1577 2356 lecto
2152 2309 2231 2364 75

362 2392 561 2475 Cogit,
593 2408 652 2455 et
682 2394 998 2456 immensas
1029 2395 1293 2477 increpat
1323 2419 1510 2479 usque
1543 2423 1760 2465 moras.

274 2498 550 2581 Increpet
580 2521 765 2581 usque
796 2499 934 2560 licet
960 2521 975 2557 t
1006 2512 1104 2559 tua
1136 2522 1287 2575 sum,
1320 2514 1419 2561 tua
1449 2504 1613 2564 dicar
1643 2522 1872 2587 oportet

359 2602 668 2685 Penelope
697 2624 711 2662 :
743 2602 962 2685 conjux
995 2623 1231 2684 semper
1261 2602 1492 2685 Ulyssis
1523 2628 1647 2668 erc.

273 2705 377 2768 llle
409 2721 608 2768 tamen
639 2706 856 2788 pietate
888 2704 1024 2766 mea
1052 2706 1446 2788 precibusque
1492 2711 1720 2791 pudicis

361 2809 694 2892 Frangitur,
725 2825 785 2872 et
815 2810 965 2872 vires
995 2825 1286 2893 temperat
1314 2812 1442 2895 ipse
1477 2837 1631 2879 suas.
2147 2830 2228 2888 80

273 2913 554 2989 Dulichii,
589 2915 914 2997 Samiique,
947 2929 1024 2990 et,
1057 2937 1203 2998 quos
1232 2918 1360 2980 tulit
1389 2920 1502 2981 alta
1521 2920 1884 3005 Zacynthos,

359 3017 567 3080 Turba
598 3033 769 3081 ruunt
798 3019 854 3079 in
886 3041 982 3080 me
1013 3020 1334 3097 luxuriosa,
1380 3026 1542 3105 proci
1571 3049 1585 3087 ε

273 3121 460 3204 Inque
491 3122 592 3184 tua
620 3137 885 3205 regnant,
915 3123 1083 3185 nullis
1113 3126 1574 3206 prohibentibus,
1606 3132 1759 3193 aula..

363 3224 608 3288 Viscera
639 3240 854 3303 nostra,
886 3242 996 3289 tuae
1031 3228 1380 3291 dilaniantur
1418 3253 1584 3314 opes·

274 3329 439 3403 Quid
461 3331 563 3393 tibi
589 3331 964 3408 Pisandrum,
988 3331 1426 3417 Polybumque,
1446 3334 1849 3425 Medontaque
1871 3347 2079 3426 dirum,
2142 3355 2222 3413 8-5

361 3435 848 3520 Eurymachique
882 3437 1103 3513 avidas,
1137 3439 1494 3522 Antinoique
1523 3463 1754 3522 manus,

273 3540 469 3622 Atque
502 3539 644 3601 alios
672 3539 945 3616 referam,
979 3562 1126 3623 quos
1156 3564 1365 3605 omnes
1392 3548 1634 3629 turpiter
1670 3552 1879 3614 absens

355 3642 493 3728 Ipse
523 3659 626 3708 tuo
654 3645 832 3727 partis
861 3646 1140 3730 sanguine
1170 3647 1346 3709 rebus
1377 3649 1525 3711 alis?
