2622 4207
377 277 502 337 155
1136 262 1545 322 Hsnomss.

371 428 489 492 Ibis
518 428 846 512 Cecropios
874 439 1095 509 portus,
1125 423 1431 508 patriaque
1461 432 1736 503 receptus
2206 416 2323 474 125

459 533 621 596 Cum
654 533 880 596 steteris
912 531 1067 594 urbis
1096 531 1292 593 celsus
1320 530 1378 591 in
1409 548 1545 590 arce
1576 539 1709 600 tuae,

371 637 455 701 Et
480 641 635 702 bene
667 638 916 702 narraris
938 637 1121 699 letum
1150 636 1416 717 taurique
1446 633 1690 714 virique,

461 745 758 827 Sectaque
788 767 895 829 per
927 742 1133 805 dubias
1163 762 1346 803 saxea
1375 751 1530 801 tecta
1559 736 1680 798 vias
1705 756 1724 812 3

372 849 478 914 Me
510 872 744 934 quoque
776 863 1007 912 narrato
1039 846 1165 911 solii
1193 847 1399 908 tellure
1428 843 1736 906 relictam:

459 956 599 1018 Non
632 978 744 1038 ego
775 978 901 1018 sum
926 955 1100 1018 titulis
1130 950 1504 1035 subripienda
1531 947 1665 1009 tuis·
2204 945 2319 1003 130

369 1059 433 1123 N
436 1081 507 1122 ec
537 1074 704 1143 pater
735 1076 822 1123 est
850 1061 1079 1143 AEgeus
1104 1081 1122 1138 3
1153 1080 1264 1120 nec
1294 1071 1357 1119 tu
1380 1054 1711 1117 Pittheidos
1750 1050 1973 1114 AEthrae

459 1163 643 1227 Filius
671 1188 686 1226 ε
717 1181 984 1228 auctores
1016 1186 1158 1227 saxa
1193 1162 1524 1242 fretumque
1553 1157 1658 1220 tui.

371 1269 457 1333 Di
485 1269 764 1346 facerent,
795 1285 857 1332 ut
886 1292 984 1332 me
1016 1268 1250 1333 summa
1278 1267 1356 1328 de
1387 1286 1584 1350 puppe
1616 1263 1848 1325 videres
1874 1262 1888 1323 !

463 1374 744 1437 Movisset
772 1376 960 1436 vultus
991 1388 1200 1436 moesta
1229 1373 1416 1454 figura
1443 1384 1594 1432 tuos.

370 1478 550 1542 Nunc
582 1500 816 1564 quoque
846 1501 963 1541 non
995 1479 1200 1556 oculis,
1232 1478 1359 1552 sed,
1392 1474 1510 1560 qua
1539 1489 1725 1559 poteS‚
1756 1474 1998 1558 adspice
2036 1486 2235 1536 mente

457 1582 800 1647 Haerentem
832 1585 1094 1668 scopu10,
1127 1606 1306 1667 quem
1337 1605 1487 1666 vaga
1515 1583 1705 1666 pulsat
1735 1601 1909 1664 aqua.
2196 1580 2312 1639 136

370 1689 636 1774 Adspice
662 1691 949 1754 demissos
977 1690 1228 1773 lugentis
1248 1691 1306 1752 in
1336 1712 1439 1754 ore
1462 1688 1703 1772 capillos
1726 1710 1747 1767 3

460 1795 544 1858 Et
570 1797 797 1860 tunicas
824 1797 1120 1880 lacrymiS‚
1153 1797 1300 1861 sicut
1332 1796 1405 1859 ab
1433 1798 1644 1871 imbre,
1674 1813 1902 1876 graves·

372 1899 629 1985 CorpuS,
658 1916 722 1963 ut
742 1903 1005 1986 impulsae
1037 1917 1270 1984 segetes
1297 1901 1707 1985 Aquilonibus,
1736 1898 1973 1961 horret:

461 2005 783 2089 Literaque
815 2009 1060 2070 articulo
1089 2028 1294 2089 pressa
1321 2019 1615 2069 tremente
1644 2004 1823 2065 labat.
2199 2005 2314 2064 140

372 2110 512 2173 Non
544 2125 601 2172 te
629 2132 736 2194 per
766 2112 1058 2186 meritum,
1091 2111 1367 2192 quoniam
1397 2110 1551 2171 male
1582 2109 1777 2185 cessit,
1809 2107 2012 2171 adoro·

457 2213 679 2278 Debita
707 2216 777 2276 sit
806 2213 962 2277 facto
992 2214 1172 2295 gratia
1201 2214 1358 2276 nulla
1387 2235 1526 2276 meo
1553 2236 1569 2276 ε

373 2318 496 2381 Sed
526 2339 639 2381 nec
670 2339 847 2401 poena
877 2318 1138 2401 quidem.
1232 2318 1299 2380 Si
1327 2339 1445 2380 non
1475 2340 1587 2400 ego
1616 2338 1797 2380 causa
1836 2317 2058 2396 salutis,

458 2423 598 2485 Non
629 2437 825 2487 tamen
857 2438 965 2500 est,
995 2446 1099 2487 cur
1123 2424 1201 2487 sis
1228 2438 1291 2487 tu
1323 2424 1464 2486 mihi
1492 2444 1672 2487 causa
1699 2422 1884 2485 necis.

372 2526 505 2592 Has
531 2528 654 2605 tibi,
685 2530 1019 2612 plangendo
1046 2530 1315 2613 lugubria
1343 2543 1587 2613 pectora
1610 2529 1814 2605 lassam,
2197 2532 2311 2592 145

457 2632 667 2706 Infelix
696 2636 875 2698 tendo
904 2650 1060 2700 trans
1088 2634 1235 2699 freta
1263 2637 1438 2719 longa
1466 2658 1693 2699 manus.

371 2735 507 2803 Hos
532 2740 652 2815 tibi,
686 2741 781 2823 qui
813 2754 1108 2825 superant,
1139 2741 1388 2804 ostendo
1415 2755 1626 2804 moesta
1664 2742 1924 2825 capillos.

459 2844 582 2906 Per
609 2845 903 2927 lacrymas
930 2866 1056 2921 oro,
1089 2866 1235 2928 quas
1263 2859 1365 2907 tua
1394 2843 1550 2908 facta
1579 2860 1816 2911 movent
1840 2869 1856 2909 t

374 2947 583 3010 Flecte
607 2961 821 3030 ratem,
849 2947 1095 3011 Theseu
1119 2971 1139 3028 3
1167 2970 1459 3033 versoque
1486 2951 1752 3014 relabere
1781 2953 1936 3017 velo.

462 3052 526 3114 Si
556 3052 716 3136 prius
743 3053 1059 3133 occider03
1089 3068 1151 3118 tu
1177 3068 1378 3119 tamen
1405 3078 1540 3122 ossa
1567 3056 1751 3141 leges.
2193 3063 2311 3121 150
