2622 4207
1115 310 1345 368 mann
1382 308 1453 366 v.
2160 316 2240 381 67

291 469 454 533 Nam
481 466 680 555 brevis
709 468 767 531 in
795 463 1023 552 gelidas
1050 470 1330 533 membris
1360 469 1612 533 exilibus
1639 471 1832 533 undas
2112 475 2241 535 270

287 572 600 637 Transitus
631 590 740 638 est.
804 584 809 587 ’
832 573 980 638 Post
1005 575 1132 637 haec
1159 590 1529 658 tergumque,
1558 576 1931 660 humerique,
1953 575 2239 659 latusque,

288 678 669 763 Pectoraque
698 681 758 742 in
784 693 997 743 tenues¹
1024 681 1241 744 abeunt
1267 681 1520 744 evanida
1545 680 1721 744 rivos.

285 783 568 869 Denique
592 808 699 870 pro
728 786 861 849 vivo
892 786 1114 850 vitiatas
1143 788 1423 870 sanguine
1453 808 1635 850 venas

292 890 576 976 Lympha
605 893 784 955 subit:
830 907 1125 977 restatque
1154 893 1317 969 nihil,
1346 893 1510 985 quod
1537 893 1829 976 prendere
1860 892 2072 975 possis·

376 997 611 1060 Interea
637 999 861 1082 pavidae
890 999 1283 1082 nequicquam
1315 998 1435 1061 filia
1462 999 1631 1061 matri
2101 1001 2187 1060 27
2193 1003 2232 1059 5

291 1102 586 1167 Omnibus
613 1118 704 1167 est
728 1105 918 1180 terriS,
949 1104 1109 1166 omni
1140 1104 1382 1186 quaesita
1409 1101 1723 1185 profundo.

287 1208 456 1272 Elam
485 1233 604 1273 non
634 1210 818 1273 rutilis
844 1209 1087 1271 veniens
1114 1209 1352 1271 Aurora
1372 1207 1597 1290 capillis

291 1314 648 1378 Cessantem
678 1315 837 1391 vidit,
868 1328 986 1377 non
1015 1313 1328 1398 Hesperus
1355 1337 1371 1376 ε
1413 1314 1511 1376 illa
1540 1313 1769 1378 duabus

290 1418 682 1484 Flammifera
708 1422 878 1505 pinus
908 1422 1176 1484 mambus
1205 1420 1516 1483 succendit
1537 1421 1611 1483 ab
1639 1420 1871 1499 AEtn53.

289 1524 529 1609 Perque
559 1528 865 1611 pruinosas
893 1527 1019 1590 tulit
1045 1527 1363 1611 irrequieta
1388 1527 1683 1591 tenebras.
2101 1530 2232 1588 280

286 1630 543 1708 Rursus,
576 1646 640 1694 ut
671 1633 826 1694 alma
855 1632 982 1694 dies
1011 1631 1322 1695 hebetarat
1349 1632 1564 1707 sidera,
1592 1646 1793 1696 natam

287 1736 442 1800 Solis
475 1739 554 1799 ad
586 1740 888 1811 occasum,
919 1737 1055 1798 solis
1090 1737 1391 1818 quaerebat
1419 1737 1493 1797 ab
1521 1750 1673 1797 ortu.

282 1840 484 1904 Fessa
511 1842 715 1901 labore
746 1841 898 1900 sitim
927 1841 1282 1920 collegerat3
1326 1859 1549 1918 oraque
1588 1839 1729 1900 nulli

280 1946 647 2008 Colluerant
674 1941 902 2006 fontes:
946 1943 1086 2004 cum
1113 1955 1338 2004 tectam
1365 1940 1639 2004 stramine
1668 1942 1813 2004 vidit

280 2049 473 2115 Forte
506 2070 754 2129 casam3
795 2070 1125 2133 parvasque
1155 2047 1313 2112 fores
1335 2047 1623 2132 pulsavit:
1667 2062 1727 2111 at
1751 2048 1890 2112 inde
2105 2054 2231 2115 285

281 2157 497 2221 Prodit
527 2178 713 2233 anus;
757 2156 1075 2237 divamque
1113 2156 1310 2235 vid-et3
1355 2155 1778 2240 lymphamque
1814 2157 2060 2241 roganti,

284 2263 484 2326 Dulce
518 2261 700 2337 dedit,
729 2260 883 2325 tosta
911 2262 1069 2344 quod
1099 2275 1347 2324 coxerat
1375 2262 1510 2324 ante
1539 2262 1798 2344 polenta.

281 2368 451 2431 Dum
480 2367 625 2429 bibit
650 2368 746 2431 illa
775 2369 998 2443 datum,
1029 2367 1158 2430 duri
1186 2389 1340 2450 puer
1364 2367 1483 2430 oris
1512 2380 1574 2430 et
1601 2368 1800 2432 audax

285 2473 563 2537 Constitit
592 2487 724 2535 ante
756 2474 935 2536 deam
962 2495 980 2533 ι
1022 2472 1281 2553 risitque,
1314 2473 1668 2554 avidamque
1697 2473 1950 2535 vocavit.

286 2578 536 2641 Offensa
566 2592 688 2640 est:
735 2598 932 2659 neque
966 2576 1161 2638 adhuc
1192 2577 1371 2657 epotas
1397 2589 1563 2657 parte
1592 2577 1934 2658 loquentem
2103 2582 2240 2641 290

284 2682 446 2747 Cum
477 2684 699 2766 liquido
728 2680 902 2744 mista
931 2678 1189 2764 perfudit
1218 2679 1354 2742 diva
1379 2679 1639 2763 polenta.

285 2788 591 2853 Combibit
619 2810 687 2851 os
715 2787 1025 2865 maculam
1069 2799 1148 2861 et,
1181 2783 1300 2868 qua
1328 2785 1510 2849 modo
1539 2785 1780 2849 brachia
1808 2788 2005 2872 gessit,

284 2895 480 2960 Crura
510 2895 695 2977 gerit:
737 2894 930 2957 cauda
959 2905 1050 2955 est
1076 2893 1310 2955 mutatis
1341 2893 1540 2957 addita
1560 2895 1842 2959 membris
1868 2919 1885 2957 ε

281 3001 471 3085 lnque
499 3001 744 3065 brevem
774 2998 1044 3075 formam,
1073 3020 1152 3061 ne
1184 2999 1255 3061 sit
1283 3000 1369 3062 vis
1407 3022 1626 3085 magna
1651 3003 1929 3079 nocendi,

283 3105 666 3169 Contrahitur
694 3127 710 3166 ε
751 3104 1049 3189 parvaque
1080 3106 1268 3167 minor
1297 3126 1575 3168 mensura
1617 3106 1841 3168 lacerta
1869 3121 1978 3170 est.
2101 3114 2228 3174 295

283 3210 625 3288 Mirantem,
656 3210 1039 3295 flentemque,
1070 3224 1131 3273 et
1156 3224 1399 3293 tangere
1439 3224 1702 3273 nmnstra
1728 3228 2035 3293 parantem

283 3315 465 3400 Fugit
495 3338 718 3394 anum3
760 3317 1163 3399 latebramque
1192 3315 1374 3399 petit.
1419 3329 1740 3399 aptumque
1768 3317 1951 3384 colori

284 3422 528 3487 Nomen
557 3423 756 3499 habet,
785 3422 959 3486 variis
992 3422 1250 3485 stellatus
1281 3441 1532 3504 corpora
1558 3421 1753 3503 guttis.

369 3527 545 3602 Quas
575 3529 691 3592 dea
716 3551 825 3612 per
851 3543 1059 3604 terma,
1090 3541 1152 3591 et
1178 3549 1325 3611 quas
1354 3527 1633 3591 erraverit
1659 3529 1867 3606 uncum,

284 3632 508 3699 Dicere
538 3636 716 3717 longa
743 3656 910 3698 mora
938 3648 1047 3698 est.
1139 3631 1446 3706 Quaerenti
1474 3632 1660 3697 defuit
1686 3635 1862 3697 orbis·
2098 3639 2230 3712 300

288 3738 587 3810 Sicaniam
613 3739 846 3825 repetit.
935 3740 1225 3821 Dumque
1251 3739 1460 3803 munia
1476 3740 1682 3803 hstrat
1708 3738 1905 3800 emdo
1926 3758 1949 3814 3
