2622 4207
308 310 385 372 18
916 302 1681 362 METAMORPHOSEON

307 472 326 503 ‘
350 460 495 543 Fer,
524 475 715 550 pater,
740 463 757 493 ’
787 462 989 548 inquit,
1024 470 1041 500 ‘
1063 483 1244 547 opem
1268 484 1290 543 3
1334 463 1384 526 si
1410 460 1658 527 flumina
1682 480 1909 525 numen
1933 458 2188 526 habetis.
2213 458 2233 494 ⁹

303 569 428 639 Vix
456 593 638 657 prece
667 569 849 647 finita,
877 583 1076 654 torpor
1104 569 1297 654 gravis
1326 569 1521 653 alligat
1548 582 1750 632 artus:
2139 569 2260 631 491

304 677 850 761 Mollia'cinguntur
878 675 1040 740 tenui
1069 674 1397 761 praecordia
1422 675 1609 739 libro:
1779 664 1786 669 ’

301 783 375 849 In
402 782 675 848 trondem
702 781 917 858 crines,
945 781 1008 844 in
1033 802 1234 846 ramos
1261 780 1506 846 brachia
1534 794 1829 846 crescunt.

300 888 445 966 Pes,
474 886 660 953 mode
685 900 811 952 tam
838 887 1036 965 velox,
1064 886 1245 973 pigris
1271 886 1569 975 radicibus
1594 888 1819 950 hoeret:

301 992 431 1057 Ora
451 1014 744 1058 cacumen
770 994 935 1059 obit:
978 1007 1250 1058 remanet
1275 993 1427 1057 nitor
1454 1014 1609 1057 unus
1636 993 1695 1055 in
1716 990 1835 1055 illa.
2134 992 2267 1055 495

300 1095 426 1164 Cui
455 1099 626 1177 dem,
659 1105 677 1137 ‘
699 1099 784 1163 At
811 1099 1036 1186 conjux
1065 1099 1349 1185 quoniam
1375 1118 1517 1163 mea
1542 1118 1662 1162 non
1690 1110 1863 1182 potes
1889 1116 2048 1174 esse,

294 1204 500 1272 Arbor
530 1205 646 1268 eris
674 1205 863 1283 certe,
883 1205 900 1236 '
929 1205 1096 1282 dixit,
1129 1212 1148 1243 ‘
1165 1226 1327 1269 mea.
1420 1204 1678 1289 Semper
1703 1203 2009 1268 habebunt

301 1309 403 1373 Te
433 1331 632 1387 coma,
661 1324 724 1373 te
752 1310 1014 1387 citharae,
1042 1322 1104 1373 te
1132 1324 1367 1387 nostrae,
1396 1309 1584 1386 laure,
1612 1310 1928 1394 pharetrae.

301 1415 407 1479 Tu
436 1416 690 1482 ducibus
717 1416 906 1482 Latiis
935 1417 1153 1494 aderis,
1183 1417 1327 1481 eum
1355 1417 1488 1482 loeta
1514 1415 1878 1501 triumphum

296 1516 443 1584 Vox
470 1535 648 1585 canet
677 1543 697 1601 3
742 1534 804 1585 et
829 1520 1018 1604 longa
1047 1520 1237 1584 visent
1264 1518 1564 1604 Capitolia
1591 1540 1850 1605 pompae.
2050 1561 2054 1565 -
2136 1524 2265 1585 500

298 1625 581 1692 Postibus
609 1627 894 1711 Augustis
924 1627 1143 1691 eadem
1171 1627 1460 1691 fidissima
1486 1641 1689 1691 custos

298 1731 459 1797 Ante
489 1730 650 1798 sores
678 1732 901 1814 stabis3
943 1733 1330 1819 mediamque
1357 1734 1607 1799 tuebere
1636 1754 1948 1819 quercum.

300 1833 506 1921 thue
536 1859 743 1901 meum
772 1837 1016 1903 intonsis
1042 1852 1226 1923 caput
1253 1852 1347 1902 est
1365 1838 1629 1925 juvenile
1660 1838 1885 1923 capillis
1909 1859 1929 1917 3

298 1938 403 2003 Tu
428 1962 663 2025 quoque
693 1956 1017 2026 perpetuos
1045 1965 1286 2027 semper
1315 1964 1459 2026 gere
1487 1942 1712 2008 fiendis
1738 1944 2019 2007 honores·
2045 1943 2063 1974 ’

386 2043 652 2109 Finierat
680 2044 888 2110 Paean.
981 2045 1190 2111 Factis
1215 2047 1404 2110 mode
1431 2047 1636 2110 laurea
1662 2047 1847 2110 ramis
2135 2053 2263 2114 ⁵05

300 2150 566 2215 Annuit:
609 2163 792 2235 utque
821 2165 1023 2236 caput,
1052 2151 1180 2215 visa
1206 2165 1301 2216 est
1329 2150 1580 2234 agitasse
1609 2171 1928 2217 cacumen.

1034 2423 1102 2465 10
1147 2422 1233 2465 ΕΤ
1276 2423 1508 2465 ARGUS.

1146 2637 1208 2680 v.
1258 2620 1406 2681 625.

300 2761 562 2826 Centum
589 2760 904 2823 luminibus
933 2759 1194 2822 cinctum
1224 2772 1407 2842 caput
1433 2759 1635 2842 Argus
1661 2761 1942 2824 habebat.

298 2865 448 2930 Inde
480 2865 598 2929 suis
626 2864 855 2927 vicibus
882 2864 1199 2950 capiebant
1224 2864 1365 2927 bina
1395 2866 1657 2949 quietem
1683 2888 1702 2928 ε

298 2966 537 3032 Caetera
565 2965 897 3043 servabant,
930 2979 1108 3050 atque
1136 2967 1197 3029 in
1227 2965 1482 3032 statione
1511 2970 1851 3034 manebant.
2219 3046 2235 3054 -

299 3068 664 3135 Constiterat
694 3090 1050 3153 quocunque
1080 3068 1306 3151 mod03
1352 3072 1660 3156 spectabat
1689 3073 1767 3137 ad
1798 3072 1866 3137 Ιὸ
1894 3095 1911 3138 2
2131 3083 2260 3143 510

298 3178 457 3241 Ante
486 3175 692 3240 oculos
722 3174 814 3253 Ῑό,
845 3176 1115 3260 quamvis
1145 3197 1407 3254 aversuS,
1437 3178 1715 3242 habebat.

300 3279 475 3344 Luce
505 3279 636 3342 sinit
663 3277 826 3364 pasci
855 3302 871 3341 ι
916 3279 1056 3343 cum
1087 3280 1175 3344 sol
1202 3280 1410 3344 tellure
1442 3281 1551 3345 sub
1583 3281 1700 3346 alta
1727 3298 1836 3363 est,

300 3382 562 3461 Claudit,
594 3393 656 3448 et
682 3383 925 3469 indigno
951 3385 1284 3454 circumdat
1311 3387 1546 3452 vincula
1575 3388 1748 3453 collo.

302 3488 358 3555 F
357 3488 638 3555 rondibus
696 3490 972 3569 arbuteis,
1003 3506 1063 3555 et
1085 3491 1289 3557 amara
1317 3493 1580 3578 pascitur
1607 3494 1838 3560 herba:

298 3594 542 3680 Proque
571 3609 722 3672 tore,
753 3609 945 3674 terrae,
973 3618 1094 3660 non
1123 3619 1364 3684 semper
1391 3620 1641 3684 gramen
1666 3600 1928 3681 habenti,
2007 3656 2018 3662 -
2126 3607 2252 3666 515

298 3700 547 3767 Incubat
568 3698 771 3765 infelix
799 3722 818 3782 3
862 3700 1187 3789 limosaque
1216 3704 1462 3771 flumina
1488 3720 1673 3792 potat.
