2622 4207
1113 327 1346 385 Lmen
1379 328 1426 384 1.
1531 288 1538 291 ¹
1923 368 1930 379 .
2185 333 2258 393 11

298 491 614 577 Indejecta
639 488 802 554 malo
828 510 848 568 3
893 488 1129 553 culmen
1158 502 1359 553 tamen
1382 485 1549 550 altior
1577 485 1754 571 hujus

309 595 493 661 Unda
518 596 683 680 tegit,
715 615 1051 679 pressaeque
1075 594 1272 657 labant
1300 593 1409 657 sub
1440 591 1667 675 gurgite
1694 605 1907 656 turres.
2137 589 2265 654 290

395 702 653 787 Jamque
684 721 849 763 mare
882 714 941 763 et
969 699 1138 764 tellus
1165 699 1392 762 nullum
1422 698 1738 761 discrimen
1764 696 2087 761 habebant.
2237 724 2244 729 ·

311 807 532 872 Omnia
560 818 774 891 pontus
805 818 990 869 erant.
1080 802 1354 867 Deerant
1383 822 1619 886 quoque
1646 801 1836 866 littora
1864 815 2066 887 ponto.

311 909 595 993 Occupat
621 907 719 970 hic
748 907 963 970 collem
991 928 1007 966 ε
1053 903 1275 990 cymba
1302 903 1475 967 sedet
1496 904 1641 967 alter
1669 903 1924 981 adunca,

313 1012 401 1078 Et
429 1014 592 1079 ducit
619 1034 815 1077 remos
843 1011 983 1090 illic,
1013 1013 1113 1077 ubi
1141 1034 1332 1097 nuper
1363 1012 1574 1076 ararat.

315 1117 634 1204 Ille'supra
662 1132 917 1203 segeteS,
948 1133 1049 1182 aut
1076 1140 1286 1182 mersae
1316 1117 1575 1181 culmina
1601 1118 1749 1180 villa»,
2144 1118 2273 1182 295

314 1223 617 1309 Navigat:
660 1225 758 1287 hic
788 1244 1025 1286 summa
1050 1224 1279 1307 piscem
1310 1222 1664 1307 deprendit
1648 1246 1707 1286 m
1739 1222 1919 1286 ulmo.

322 1326 597 1412 Figitur
581 1350 641 1390 m
669 1327 839 1391 viridi
871 1325 946 1413 (si
974 1326 1093 1392 sors
1121 1326 1274 1413 tulit)
1302 1327 1566 1391 anchora
1588 1340 1802 1412 prato.

313 1433 443 1496 Aut
472 1432 735 1518 subjecta
763 1446 960 1496 terimt
985 1454 1179 1497 curvae
1209 1433 1407 1496 vineta
1435 1432 1671 1497 carinae.

317 1536 423 1615 Et,
453 1538 633 1602 modo
663 1560 784 1623 qua
811 1540 1059 1622 graciles
1086 1561 1335 1622 gramen
1363 1560 1640 1623 carpsere
1671 1537 1933 1623 capellae,
1995 1580 1998 1587 ‹

316 1641 502 1707 Nunc
532 1644 610 1708 ibi
641 1643 941 1709 deformes
970 1659 1193 1729 ponunt
1214 1667 1324 1709 sua
1347 1666 1604 1729 corpora
1631 1645 1862 1729 phocae.
2153 1642 2281 1706 300

317 1746 611 1811 Mirantur
634 1749 742 1811 sub
773 1747 931 1832 aqua
957 1748 1145 1825 luem,
1175 1750 1494 1832 urbesque,
1526 1750 1855 1832 domosque

319 1851 634 1916 Nereides
658 1873 676 1912 ε
722 1852 1013 1934 silvasque
1041 1865 1246 1913 tenent
1274 1851 1605 1931 delphineS,
1635 1864 1697 1912 et
1726 1851 1853 1912 altis

315 1955 644 2018 Incursant
669 1952 869 2029 ramiS‚
901 1952 1230 2036 agitataque
1260 1953 1475 2016 robora
1500 1954 1755 2037 pulsant·

319 2059 454 2124 Nat
480 2059 656 2143 lupus
684 2058 835 2123 inter
863 2080 1048 2124 oves:
1090 2057 1280 2124 fulvos
1307 2059 1480 2124 vehit*
1498 2061 1655 2126 unda
1682 2061 1926 2128 leones:
1957 2115 1964 2118 .

318 2163 509 2228 Unda
536 2165 696 2228 vehit
723 2165 900 2249 tigres
934 2188 950 2228 t
995 2186 1112 2230 nec
1140 2166 1295 2230 vires
1325 2165 1579 2232 fulminis
1609 2189 1773 2253 apro,
2155 2172 2280 2241 305

324 2268 526 2333 Crura
551 2291 667 2334 nec
699 2270 891 2334 ablato
919 2285 1165 2355 prosunt
1191 2272 1421 2336 velocia
1449 2284 1649 2337 cervo.

330 2369 727 2456 Quaesitisque
751 2373 852 2436 diu
881 2374 1068 2452 terriS,
1086 2374 1188 2438 ubi
1217 2374 1413 2439 sidere
1445 2376 1637 2455 detur,

329 2472 402 2536 In
430 2494 594 2537 mare
622 2476 849 2539 lassatis
877 2476 1132 2540 volucris
1158 2497 1313 2559 vaga
1341 2476 1564 2542 decidit
1586 2479 1710 2542 alis.·

337 2578 636 2643 Obruerat
664 2581 922 2643 tumulos
948 2581 1245 2642 immensa
1270 2580 1510 2643 licentia
1527 2583 1711 2663 ponti,

334 2681 780 2769 Pulsabantque
809 2683 945 2746 novi
975 2696 1254 2747 montana
1282 2683 1598 2747 cacumina
1626 2682 1860 2750 fluctus.
2165 2691 2293 2752 310

333 2785 607 2851 Maxima
634 2811 772 2873 pars
803 2787 965 2852 unda
990 2788 1209 2872 rapitur
1228 2810 1251 2851 τ
1297 2788 1508 2872 quibus
1537 2790 1698 2855 unda
1725 2793 2013 2878 pepercit,

334 2890 477 2955 Illos
495 2893 672 2977 longa
701 2895 946 2957 domant
972 2895 1133 2979 inopi
1151 2893 1377 2980 jejunia
1403 2895 1582 2960 victu.

430 2998 688 3082 Separat
714 3001 941 3064 Aonios
968 3000 1190 3064 Actaeis
1218 3001 1442 3066 Phocis
1473 3004 1546 3067 ab
1578 2989 1746 3082 arvi5,

335 3105 538 3169 Terra
566 3105 753 3185 ferax,
785 3108 930 3171 dum
955 3121 1113 3172 terra
1142 3106 1285 3185 fuit3
1332 3109 1441 3171 sed
1469 3124 1739 3194 tempore
1768 3112 1827 3175 in
1857 3114 1953 3177 illo

340 3208 502 3276 Pars
530 3209 727 3286 maris»,
759 3225 819 3274 et
846 3211 997 3276 latus
1029 3211 1353 3274 subitarum
1380 3232 1629 3295 campus
1659 3233 1965 3296 aquarum.
2174 3221 2299 3282 315

338 3313 524 3377 Mons
551 3314 630 3377 ibi
658 3316 974 3380 verticibus
1001 3316 1146 3400 petit
1177 3315 1397 3379 arduus
1428 3329 1583 3378 astra
1613 3316 1864 3396 duobus,

340 3419 609 3484 Nomine
640 3420 987 3496 ParnassuS‚
1019 3435 1373 3504 superatque
1406 3421 1717 3485 cacumine
1747 3425 1955 3490 nubes.

344 3523 475 3588 Hic
507 3524 606 3588 ubi
636 3523 971 3589 Deucalion
1005 3522 1171 3609 (nam
1201 3538 1419 3588 caetera
1449 3537 1679 3590 texerat
1707 3529 1934 3614 aequor)

342 3628 512 3694 Cum
542 3643 816 3693 consorte
837 3629 949 3692 tori
980 3627 1165 3712 parva
1192 3642 1321 3691 rate
1351 3641 1559 3693 vectus
1591 3630 1875 3711 adhaesit3

342 3733 686 3817 Corycidas
713 3733 1025 3817 nympha&
1049 3746 1111 3797 et
1138 3733 1379 3796 numina
1405 3735 1618 3798 montis
1648 3735 1914 3807 adorant,
2181 3738 2308 3796 320
