2622 4207
1145 313 1379 373 mmm
1413 317 1513 374 111.
2200 318 2286 384 4‘3
2339 322 2352 329 ’

325 464 392 527 si
421 486 687 550 puerum
697 465 972 553 juveneS‚
1003 492 1052 534 si
1080 473 1248 537 multi
1277 472 1469 540 sallitis
1484 498 1670 545 unum
1694 477 1721 540 ?
1748 477 1784 508 ”

318 564 692 633 Jamdudum
720 570 962 637 flebam.
1049 574 1385 662 Lacrymas
1413 602 1626 644 manus
1653 581 1838 667 impia
1863 595 2093 646 nostras

319 672 547 737 Ridet:
579 689 642 739 et
668 676 915 762 impellit
941 684 1392 767 properantibus
1421 707 1660 771 aequora
1685 688 1885 752 remis.
2148 693 2269 752 241

319 774 446 839 Per
472 778 573 840 tibi
604 801 763 850 nunc
794 781 983 867 ipsum
1019 782 1160 870 (nec
1191 787 1351 849 enim
1371 792 1713 873 praesentior
1739 791 1836 856 illo

317 879 434 945 Est
464 883 642 971 deus)
677 887 900 972 adjuro,
931 903 1053 954 tam
1083 914 1183 955 me
1212 893 1315 957 tibi
1344 916 1484 958 vera
1513 894 1755 984 referre,

317 984 525 1060 Quam
554 992 677 1054 veri
706 994 931 1078 majora
959 997 1101 1060 fide.
1195 999 1370 1063 Stetit
1398 1023 1634 1085 aequore
1663 1004 1875 1088 puppis

316 1091 508 1156 Haud
538 1096 721 1174 aliter,
753 1100 932 1183 quam
963 1102 1010 1164 si
1034 1103 1259 1167 siccum
1289 1106 1500 1170 navale
1521 1121 1770 1170 teneret.
2144 1116 2271 1172 245

314 1197 404 1260 Illi
430 1199 785 1266 admirantes
812 1227 1114 1270 remorum
1144 1209 1204 1271 in
1233 1211 1481 1274 verbere
1510 1226 1814 1296 perstant:

313 1299 585 1388 Velaque
618 1308 962 1391 deducunt3
1007 1313 1365 1400 geminaque
1394 1338 1511 1401 ope
1541 1340 1781 1382 currere
1811 1334 2053 1385 tentant.

312 1406 651 1492 Impediunt
676 1415 914 1479 hederae
944 1441 1163 1498 remos,
1192 1443 1473 1506 nexuque
1503 1446 1753 1488 recurvo

314 1513 613 1598 Serpunt3
660 1534 719 1582 et
749 1524 1000 1604 gravidis
1030 1526 1378 1610 distringunt
1404 1530 1537 1592 vela
1558 1531 1876 1614 corymbis.

308 1618 468 1702 Ipse,
500 1624 862 1690 racemiferis
891 1627 1144 1692 frontem
1173 1632 1575 1698 circumdatus
1602 1636 1749 1712 uvis,
2143 1644 2270 1701 250

307 1716 658 1810 Pampineis
682 1731 859 1812 agitat
885 1734 1140 1795 velatam
1172 1735 1473 1800 frondibus
1501 1741 1755 1801 hastam.

307 1830 524 1904 Quem
556 1834 720 1894 circa
746 1835 944 1916 tigres,
977 1839 1410 1922 simulacraque
1439 1842 1635 1905 inania
1662 1844 1924 1925 lyncum,

299 1938 738 2022 pictarumque
757 1939 965 2024 jacent
993 1940 1120 2004 sera
1149 1965 1398 2028 corpora
1424 1948 1865 2031 pantherarum.

394 2040 720 2106 Exsiluere
751 2044 856 2106 viri
886 2066 907 2125 ς
952 2046 1073 2109 sive
1105 2047 1219 2111 hoc
1248 2048 1472 2114 insania
1502 2050 1661 2131 fecit,

307 2150 450 2213 Sive
481 2150 660 2213 timor
685 2173 701 2212 ε
744 2152 1084 2237 primusque
1116 2153 1348 2219 Medon
1377 2159 1715 2241 nigrescere
1746 2163 1935 2247 pinnis
2136 2173 2263 2229 255

304 2254 580 2338 Corpore
611 2255 914 2339 depres50‚
940 2272 999 2321 et
1028 2259 1206 2344 spinae
1237 2264 1580 2328 curvamina
1608 2264 1765 2330 flecti

302 2360 536 2446 Incipit.
630 2361 792 2426 Huic
816 2363 1119 2447 LycabaS,
1151 2372 1191 2403 “
1213 2366 1281 2431 In
1315 2390 1443 2451 quae
1473 2371 1821 2449 miracula,”
1853 2376 2019 2453 dixit,

308 2477 348 2506 “
367 2467 678 2533 Verteris?
700 2469 737 2501 ''
783 2484 844 2534 et
870 2472 971 2534 lati
1000 2473 1204 2549 rictuS‚
1236 2487 1296 2535 et
1325 2476 1523 2559 panda
1552 2477 1812 2559 loquenti

306 2575 487 2639 Naris
517 2591 662 2654 erat,
695 2598 1125 2661 squamamque
1156 2578 1305 2640 cutis
1336 2580 1544 2642 durata
1571 2583 1859 2645 trahebat.

303 2681 391 2744 At
415 2680 624 2765 Libys,
654 2682 953 2743 obstantes
985 2680 1129 2741 dum
1159 2681 1279 2742 vult
1308 2681 1619 2746 obvertere
1648 2705 1865 2762 remOS‚
2137 2696 2265 2754 260

302 2783 374 2845 In
403 2784 654 2867 spatium
681 2783 904 2846 resilire
934 2805 1144 2845 manus
1173 2784 1354 2846 breve
1385 2785 1529 2848 vidit
1546 2808 1566 2866 ς
1613 2800 1672 2851 et
1700 2788 1825 2852 illas

298 2884 440 2949 Jam
468 2908 586 2949 non
616 2908 748 2950 esse
777 2908 986 2950 manus
1010 2909 1029 2965 3
1063 2886 1193 2972 jam
1221 2888 1430 2971 pinnas
1458 2911 1634 2973 posse
1665 2895 1881 2957 vocari.

302 2988 473 3051 Alter
504 2989 580 3052 ad
609 2989 850 3052 intortos
879 2989 1124 3073 cupiens
1155 2989 1296 3053 dare
1326 2991 1570 3055 brachia
1597 2992 1788 3073 funes,

286 3090 567 3157 'Brachia
593 3116 711 3157 non
740 3093 945 3157 habuit
968 3116 987 3172 3
1030 3108 1358 3179 truncoque
1387 3099 1686 3181 repandus
1714 3101 1774 3163 in
1803 3105 1992 3169 undas

302 3195 578 3280 Corpore
610 3196 862 3259 desiluit.
955 3194 1205 3260 Falcata
1231 3197 1550 3262 novissima
1578 3199 1776 3264 cauda
1803 3218 1934 3269 est:
2127 3217 2253 3280 265

300 3297 523 3373 Qualia
552 3298 799 3363 dividuae
830 3299 1127 3364 sinuantur
1157 3321 1381 3364 cornua
1409 3300 1582 3365 lunae.

299 3399 582 3485 Undique
613 3403 757 3467 dant
783 3403 1000 3467 saltus:
1043 3401 1348 3487 multaque
1380 3402 1729 3490 adspergine
1758 3426 1955 3476 rorant
1982 3437 1997 3477 ε

300 3503 754 3590 Emerguntque
780 3506 1041 3585 iterum3
1085 3507 1454 3590 redeuntque
1486 3508 1594 3574 sub
1626 3530 1861 3597 aequora
1887 3537 2123 3584 rursus:

295 3603 483 3691 Inque
513 3608 680 3672 chori
708 3609 915 3673 ludunt
942 3610 1207 3693 speciem
1229 3632 1244 3671 ε
1268 3607 1622 3698 'lascivaque
1641 3614 1870 3701 jactant

300 3707 571 3796 Corpora
595 3733 614 3792 3
659 3724 721 3774 et
749 3726 1062 3797 acceptum
1090 3711 1301 3798 patulis
1326 3733 1492 3781 mare
1519 3717 1758 3784 naribus
1786 3718 2006 3783 efflant.
2124 3727 2256 3786 270
