2622 4207
1006 276 1262 370 LIBER·
1283 314 1438 369 xm.
1614 395 1623 409 1
2002 280 2003 283 ¹
2131 316 2253 377 123

310 474 583 536 Prodere
612 496 627 534 ε
673 486 732 535 et
761 472 976 535 edidici
1007 460 1146 556 quid
1183 473 1414 556 perfida
1442 469 1630 554 Troja
1659 482 1913 553 pararet.

288 576 509 637 Omnia
537 574 857 658 cognoram
885 597 900 636 ε
943 597 1075 651 nec,
1108 575 1263 658 quod
1297 574 1656 657 specularer,
1688 572 2028 635 habebam:
2116 628 2119 631 ,

285 678 373 741 Et
390 680 520 763 jam
548 678 849 764 praemissz‘i
875 693 1142 763 poteram
1169 702 1309 743 cum
1341 680 1518 742 laude
1548 678 1784 741 reverti.

288 784 475 847 Haud
504 801 811 849 contentus
842 785 933 861 ea,
963 787 1104 869 petii
1132 786 1382 849 tentoria
1412 785 1625 861 Rhesi,

283 888 472 972 Inque
504 892 619 954 suis
649 892 841 975 ipsum
869 892 1072 954 castris
1103 892 1469 974 comitesque
1501 891 1747 974 peremi.
2118 890 2254 948 250

284 996 484 1077 Atque
514 997 592 1058 ita
621 998 853 1079 captivo
881 996 1067 1059 victor
1096 997 1363 1078 votisque
1395 996 1628 1077 potituS,

284 1099 589 1182 Ingredior
619 1122 798 1162 curru
827 1102 991 1162 laetos
1034 1101 1297 1160 imitante
1327 1100 1652 1180 triumphos
1679 1121 1697 1175 3

287 1201 491 1286 Cujus
522 1223 710 1284 equos
735 1203 991 1284 pretium
1022 1223 1130 1282 pro
1159 1216 1336 1263 nocte
1367 1215 1720 1284 poposcerat
1748 1203 1948 1264 hostis.

281 1307 475 1368 Arma
502 1320 717 1389 negate
748 1306 891 1367 mihi
917 1328 933 1366 τ
977 1304 1263 1388 fueritque
1293 1306 1600 1388 benignior
1629 1305 1808 1390 Ajax.

372 1408 542 1484 Quid
570 1406 745 1493 Lycii
775 1408 1029 1472 reseram
1064 1409 1430 1493 Sarpedonis
1463 1412 1703 1494 agmina
1732 1410 1889 1474 ferro
2122 1415 2248 1473 255

283 1508 611 1578 Dex‘rastata
638 1537 774 1578 meo
799 1515 826 1577 ?
873 1514 1035 1578 Cum
1065 1518 1250 1578 multo
1278 1519 1566 1599 sanguine
1609 1516 1733 1579 sudi

284 1619 607 1697 Coeranon,
638 1620 1032 1704 Hippasiden‚
1063 1635 1123 1683 et
1140 1622 1552 1704 Alastoraque,
1583 1620 2078 1704 Chromiumque,

281 1727 788 1808 Alcandrumque,
819 1724 1209 1806 Haliumque,
1255 1726 1716 1807 Noemonaque,
1747 1725 2176 1808 Prytaninque,

282 1827 610 1911 Exitioque
642 1829 781 1889 dedi
812 1849 953 1889 cum
983 1827 1485 1889 Chersidamante
1514 1827 1796 1903 Thoona,

281 1931 371 1995 Et
400 1931 747 2014 Charopen,
780 1914 1030 2013 fatisque
1061 1930 1380 1993 immitibus
1411 1930 1730 1994 Ennomon
1760 1916 1997 1995 actum:
2114 1933 2245 1993 260

284 2036 531 2121 Quique
562 2035 755 2098 minus
785 2036 1054 2098 celebres
1090 2034 1288 2097 nostrii
1318 2036 1425 2100 sub
1457 2037 1750 2099 moenibus
1779 2037 1940 2099 urbis

283 2140 673 2205 Procubuere
704 2163 904 2204 manu.
999 2140 1149 2203 Sunt
1183 2155 1243 2203 et
1271 2142 1413 2204 mihi
1444 2143 1707 2219 vulnera,
1738 2143 1920 2218 civeS,

285 2244 419 2328 Ipso
449 2246 694 2329 pulchra
722 2246 854 2309 loco
879 2269 894 2308 :
938 2268 1053 2308 nec
1083 2247 1247 2309 vanis
1277 2249 1502 2309 credite
1532 2248 1728 2310 verbis
1755 2271 1771 2309 τ

287 2350 550 2434 Aspicite
581 2372 656 2413 en
684 2353 698 2412 ἰ
727 2351 743 2382 ’
775 2349 1150 2435 (vestemque
1180 2375 1357 2413 manu
1392 2351 1641 2435 diducit)
1675 2366 1752 2427 et,
1787 2359 1804 2389 ‘
1829 2350 1982 2415 Haec
2012 2365 2146 2415 sunt

286 2452 542 2517 Pectora
570 2456 846 2537 semper,’
878 2456 974 2529 ait,
1007 2464 1025 2491 ⁶
1048 2456 1258 2516 vestris
1287 2455 1553 2516 exercita
1582 2456 1783 2517 rebus.
2110 2459 2237 2518 265

287 2559 370 2621 At
394 2560 534 2621 nihil
561 2559 848 2642 impendit
874 2580 981 2639 per
1008 2571 1094 2619 tot
1120 2556 1510 2618 Telamonius
1541 2579 1727 2619 annos

291 2662 600 2747 Sanguinis
629 2662 688 2724 in
718 2662 910 2724 socios
938 2683 953 2721 ε
998 2674 1057 2722 et
1085 2660 1264 2722 habet
1292 2660 1418 2724 sine
1448 2661 1687 2722 vulnere
1720 2681 1955 2743 corpus.

369 2767 538 2841 Quid
569 2782 767 2830 tamen
795 2766 911 2828 hoc
941 2763 1141 2840 refert,
1173 2765 1220 2828 si
1251 2786 1317 2826 se
1348 2753 1455 2847 pro
1485 2765 1674 2828 classe
1705 2764 1965 2850 Pelasga

284 2873 471 2935 Arma
498 2873 697 2935 tulisse
728 2869 909 2934 refert
937 2884 1142 2933 contra
1171 2869 1491 2953 Troasque
1526 2869 1858 2954 Jovemque
1883 2871 1911 2934 ?

287 2977 730 3061 Confiteorque,
760 2977 921 3038 tulit:
966 2996 1159 3058 neque
1196 2977 1352 3039 enim
1385 2978 1536 3040 bene
1568 2976 1723 3040 facta
1758 2977 2041 3061 maligne,
2110 2984 2240 3041 270

287 3081 640 3144 Detrectare
670 3103 872 3143 meum
904 3094 1029 3143 est:
1075 3082 1180 3143 sed
1210 3103 1325 3144 nec
1355 3085 1695 3145 communia
1725 3083 1881 3145 solus

287 3185 583 3269 Occupet,
616 3200 788 3268 atque
820 3183 1072 3268 'aliquem
1105 3185 1269 3248 vobis
1300 3207 1535 3269 quoque
1565 3187 1779 3248 reddat
1805 3185 2113 3248 honorem.

284 3290 531 3373 Repulit
558 3289 892 3364 Actorides,
924 3290 1031 3352 sub
1061 3290 1315 3372 imagine
1347 3274 1502 3352 tutus
1534 3288 1797 3363 Achillis,

286 3393 483 3456 Troas
514 3395 588 3456 ab
620 3394 833 3457 arsuris
856 3416 996 3457 cum
1028 3392 1341 3457 defensore
1374 3387 1607 3456 carinis,

287 3501 518 3561 Ausum
552 3500 727 3561 etiam
759 3498 1065 3563 Hectoreo
1095 3500 1286 3562 solum
1319 3519 1671 3561 concurrere
1703 3498 1882 3562 Marti
2078 3501 2233 3558 ,275

291 3602 371 3665 Se
401 3617 587 3687 putat,
618 3603 827 3678 oblitus
856 3604 1150 3687 regisque,
1183 3605 1546 3683 ducumque,
1576 3604 1854 3687 meique3

289 3708 350 3772 N
354 3730 502 3773 onus
532 3708 590 3770 in
622 3707 837 3781 offici0‚
869 3721 928 3769 et
955 3709 1225 3796 praelatus
1253 3727 1499 3768 munere
1530 3709 1719 3774 sortis.
