2622 4207
1078 284 1308 343 LIBER
1347 285 1445 340 XI.

290 442 738 528 Innumeraeque
767 443 962 507 herbae
992 465 1007 504 ε
1053 462 1300 527 quarum
1333 442 1410 505 de
1439 441 1593 504 lacte
1625 461 1899 523 soporem

291 548 438 612 Nox
467 550 627 633 legit,
658 564 717 613 et
745 551 963 634 spargit
987 570 1096 633 per
1122 571 1343 634 opacas
1370 547 1613 610 humida
1643 561 1848 629 terras.

288 651 503 730 Janua,
535 676 663 738 quae
694 675 865 717 verso
894 654 1200 718 stridorem
1231 654 1473 716 cardine
1502 652 1735 728 reddat,

290 756 474 820 Nulla
503 758 682 822 domo
711 758 833 822 tota
855 782 874 839 3
918 774 1120 822 custos
1147 759 1205 820 in
1234 758 1433 820 limine
1462 757 1675 820 nullus.

287 861 371 923 At
397 863 598 925 medio
625 877 785 927 torus
814 877 921 941 est,
951 864 1144 927 ebeno
1173 863 1435 927 sublimis
1462 864 1520 925 in
1551 862 1695 940 atra,

285 964 595 1045 Plumeus,
628 970 909 1046 unicolor,
940 969 1099 1053 pullo
1129 958 1417 1031 velamine
1450 982 1639 1032 tectus
1664 991 1681 1031 z

280 1068 425 1143 Quo
455 1073 635 1135 cubat
661 1074 787 1156 ipse
819 1074 989 1148 deus,
1018 1071 1300 1134 membris
1329 1054 1610 1153 languore
1643 1073 1860 1135 solutis.

284 1173 472 1239 Hunc
502 1178 661 1239 circa
690 1176 931 1260 passim,
960 1177 1149 1239 varias
1176 1176 1456 1239 imitantia
1485 1174 1724 1253 formas,

284 1279 539 1344 Somnia
567 1302 719 1344 vana
736 1281 944 1366 jacent
971 1281 1237 1357 totidem,
1271 1295 1411 1366 quot
1438 1282 1647 1344 messis
1679 1281 1901 1359 aristaS,

283 1384 449 1449 Silva
477 1386 627 1469 gerit
655 1384 913 1462 frondea
945 1386 1165 1471 ejectas
1192 1386 1348 1450 littus
1377 1408 1607 1451 arenas.

372 1490 516 1565 Quo
547 1492 720 1555 simul
747 1492 997 1569 intravit,
1025 1493 1415 1576 manibusque
1445 1495 1733 1558 obstantia
1763 1496 1925 1578 virgo

282 1595 528 1659 Somnia
558 1598 800 1660 dimovit
825 1620 841 1658 ε
885 1598 1062 1660 vestis
1091 1596 1315 1680 fulgore
1344 1598 1563 1660 reluxit

283 1701 473 1764 Sacra
502 1702 754 1764 domus:
798 1700 1085 1782 tardaque
1114 1701 1264 1763 deus
1293 1700 1572 1783 gravitate
1594 1702 1867 1785 jacentes

278 1805 404 1869 Vix
434 1807 642 1869 oculos
668 1806 920 1882 tollens3
962 1805 1294 1886 iterumque
1326 1804 1656 1886 iterumque
1686 1806 1978 1882 relabens,

273 1910 656 1991 Summaque
685 1908 1023 1991 percutiens
1049 1907 1270 1969 nutanti
1295 1920 1543 1990 pectora
1570 1922 1792 1985 ment0,

277 2014 569 2078 Excussit
596 2013 836 2076 tandem
867 2012 971 2075 sibi
1002 2034 1068 2075 se
1097 2034 1116 2073 ι
1157 2012 1474 2096 cubitoque
1504 2013 1748 2091 levatuS,

272 2119 444 2193 Quid
474 2113 669 2181 veniat
701 2115 1011 2203 (cognorat
1042 2117 1227 2203 enim)
1261 2118 1519 2182 scitatur.
1607 2121 1693 2185 At
1719 2122 1814 2185 illa
1844 2141 1860 2184 ε

276 2216 295 2244 ‘
323 2226 570 2302 Somne,
595 2225 760 2308 quies
788 2246 1006 2302 rerum,
1036 2224 1434 2309 placidissime
1468 2226 1695 2292 Somne
1727 2229 1996 2308 deorum,

276 2328 412 2392 Pax
441 2330 638 2406 animi,
671 2351 847 2413 quem
878 2350 1025 2392 cura
1053 2328 1234 2412 fugit3
1275 2332 1380 2413 qui
1407 2333 1593 2395 corda
1621 2334 1842 2398 diurnis

278 2432 466 2498 Fessa
495 2435 826 2498 ministeriis
854 2435 1103 2510 mulces,
1135 2455 1493 2518 reparasque
1523 2437 1706 2499 labori
1730 2460 1750 2516 3

279 2539 541 2616 Somnia,
574 2562 701 2623 quae
724 2561 895 2602 veras
927 2553 1159 2621 aequent
1184 2539 1505 2600 imitamine
1536 2538 1775 2615 sormaS,

277 2643 582 2707 Herculea
606 2644 914 2707 Trachine
936 2642 1102 2727 jube,
1133 2642 1242 2703 sub
1274 2641 1527 2725 imagine
1556 2643 1732 2726 regis,

275 2749 630 2833 Halcyonen
660 2750 894 2824 adeant,
926 2747 1356 2830 simulacraque
1384 2745 1669 2832 naufraga
1696 2748 1935 2833 fingant.

269 2855 528 2940 Imperat
554 2856 669 2918 hoc
697 2853 897 2917 Juno.'
986 2850 1311 2936 Postquam
1341 2853 1621 2916 mandata
1646 2856 1876 2939 peregit

272 2955 395 3037 Iris,
428 2960 547 3023 abit
572 2982 588 3021 ε
632 2981 827 3043 neque
858 2959 1016 3021 enim
1044 2958 1283 3021 ulterius
1311 2959 1562 3024 tolerare
1593 2961 1824 3044 vaporis

272 3061 408 3127 Vim
437 3078 687 3148 poterat.
779 3062 1051 3147 Labique
1081 3076 1144 3124 ut
1172 3084 1445 3125 somnum
1475 3064 1654 3126 sensit
1670 3064 1729 3126 in
1760 3078 1937 3142 artus,

267 3168 492 3253 Effugit
515 3192 533 3248 3
579 3183 640 3231 et
666 3181 894 3231 remeat
919 3189 1028 3251 per
1057 3188 1204 3250 quos
1231 3165 1413 3228 modi)
1441 3181 1682 3229 venerat
1710 3190 1900 3232 arcus.

326 3261 433 3339 'At
460 3288 628 3358 pater
657 3294 692 3336 e
721 3273 939 3356 populo
967 3285 1232 3333 natorum
1256 3270 1413 3332 mille
1438 3291 1677 3332 suorum

263 3379 508 3445 Excitat
536 3378 839 3453 artificem,
869 3376 1383 3458 simulatoremque
1413 3374 1633 3456 figurae,

263 3485 578 3570 Morphea.
670 3482 734 3546 N
735 3505 811 3545 on
839 3482 936 3545 illo
955 3481 1153 3565 jussos
1180 3478 1448 3552 solertius
1464 3478 1621 3549 ,alter

263 3587 560 3674 Exprimit
587 3586 1238 3672 incessus,‚vultumque
1267 3604 1593 3666 sonumque
1620 3585 1917 3670 loquendi.

259 3696 479 3780 Adjicit
504 3708 565 3759 et
592 3706 809 3769 vestes,
840 3708 901 3755 et
928 3689 1371 3755 consuetissima
1399 3689 1610 3772 cuique

762 3801 841 3859 10

2124 292 2241 352 109

2115 656 2241 713 245

2111 1178 2239 1240 250

2110 1709 2235 1765 255

2100 2235 2231 2295 260

2095 2757 2220 2834 265

1965 3264 2304 3365 ,πῖθ’
