2622 4207
1117 293 1348 350 LIBER
1384 294 1459 350 11.
2216 297 2300 358 33

334 454 479 519 Non
509 454 853 541 auditurum
881 454 1134 518 miseras
1163 451 1539 517 Phaethonta
1568 452 1841 538 querelas

328 560 530 624 Nocte
562 561 781 645 dieque
811 573 1065 623 vocant:
1111 560 1637 643 adsternunturque
1668 558 1961 643 sepulcro·

330 663 509 727 Luna
538 677 747 748 quater
765 662 984 748 junctis
1011 662 1284 746 implerat
1311 663 1586 726 cornibus
1612 663 1821 726 orbem
1845 683 1865 723 t

328 768 450 832 111ae
482 790 649 831 more
681 790 788 832 suo
822 766 987 853 (nam
1017 789 1248 831 morem
1278 765 1504 831 fecerat
1531 766 1699 852 usus)

330 875 692 960 Plangorem
728 877 1035 940 dederant.
1125 874 1186 938 E
1216 875 1347 961 qu'is
1378 875 1723 941 Phaethusa
1751 896 2019 940 sororum
2165 878 2292 941 345

329 980 624 1058 Maxima,
656 981 796 1044 cum
824 982 1003 1046 vellet
1029 998 1197 1046 terrae
1226 983 1647 1066 procumbere,
1678 996 1886 1067 questa
1913 995 2002 1046 est

327 1083 658 1168 Diriguisse
681 1084 872 1168 pedes
898 1107 915 1146 t
961 1085 1038 1147 ad
1069 1106 1249 1168 quam
1278 1098 1493 1147 conata
1518 1084 1721 1147 venire

328 1187 608 1275 Candida
638 1188 980 1273 Lampetie,
1013 1188 1205 1253 subita
1230 1189 1435 1252 radice
1464 1203 1693 1254 retenta
1721 1204 1831 1253 est.

326 1292 559 1371 Tertia,
590 1294 731 1358 cum
761 1295 987 1358 crinem
1016 1296 1287 1359 manibus
1315 1295 1535 1359 laniare
1563 1309 1820 1381 pararet,

324 1402 547 1464 Avellit
573 1400 834 1467 frondes.
924 1401 1080 1467 Haec
1111 1403 1304 1488 stipite
1335 1424 1509 1466 crura
1539 1403 1746 1480 teneri,
2161 1406 2290 1467 350

317 1505 428 1570 Illa
457 1507 622 1571 dolet
648 1508 776 1571 fieri
803 1510 1010 1592 longos
1039 1531 1147 1572 sua
1174 1509 1417 1573 brachia
1443 1530 1663 1573 ramos.

326 1608 498 1684 Quid
528 1609 706 1674 saciat
732 1610 971 1674 mater?
1018 1611 1148 1688 nisi,
1179 1611 1299 1696 quo
1327 1612 1520 1675 trahat
1547 1610 1804 1696 impetus
1830 1612 2012 1691 illam,

324 1711 473 1778 Huc
505 1729 623 1790 eat,
655 1728 833 1797 atque
859 1713 1044 1779 illuc?
1092 1729 1172 1791 et,
1203 1716 1349 1778 dum
1376 1717 1538 1792 licet,
1565 1717 1769 1779 oscula
1786 1716 2045 1801 jungat?

320 1815 391 1882 N
389 1840 474 1880 on
505 1817 646 1880 satis
675 1832 787 1880 est.
872 1816 1136 1880 Truncis
1165 1817 1420 1880 avellere
1449 1838 1699 1900 corpora
1725 1832 1953 1897 tentat3

321 1920 421 1986 Et
449 1935 692 1985 teneros
720 1921 992 1988 manibus
1020 1942 1219 1986 ramos
1251 1922 1603 2006 abrumpere
1630 1942 1648 1984 t
1692 1935 1751 1986 at
1776 1922 1916 1986 inde
2162 1928 2287 1988 355

328 2025 690 2110 Sanguineae
718 2040 980 2105 manant,
1010 2040 1289 2112 tanquam
1321 2026 1400 2092 de
1430 2028 1691 2107 vulnere,
1722 2042 1918 2114 guttae.

327 2138 343 2169 ‘
363 2131 588 2210 Parce,
617 2154 850 2217 precor,
880 2148 1090 2210 mater,
1112 2134 1130 2165 '
1159 2154 1528 2220 quaecunque
1558 2149 1649 2200 est
1676 2136 1896 2215 saucia,
1927 2136 2188 2202 clamatt

329 2242 346 2275 ‘
365 2235 587 2314 Parce,
616 2258 875 2323 precor:
918 2253 1184 2304 nostrum
1210 2240 1460 2304 laniatur
1479 2240 1538 2305 in
1570 2242 1779 2307 arbore
1808 2264 2046 2328 corpus.

325 2340 584 2426 Jamque
614 2343 788 2407 vale?
877 2342 1108 2409 Cortex
1135 2345 1197 2408 in
1224 2347 1410 2411 verba
1436 2345 1753 2412 novissima
1778 2349 1959 2414 venit.

324 2445 475 2510 Inde
505 2446 692 2512 fluunt
719 2448 1036 2532 lacrymae:
1082 2451 1408 2534 stillataque
1440 2454 1565 2515 sole
1591 2453 1892 2535 rigescunt
2158 2455 2288 2518 360

324 2551 429 2616 De
457 2553 635 2617 ramis
665 2553 887 2616 electra
914 2554 1118 2616 novis:
1164 2575 1292 2637 quae
1321 2555 1555 2617 lucidus
1584 2556 1774 2619 amnis

326 2655 592 2744 Excipit,
623 2673 686 2723 et
711 2657 955 2723 nuribus
981 2658 1155 2724 mittit
1181 2656 1470 2742 gestanda
1497 2656 1745 2724 Latinis.

1032 2927 1305 2971 INVIDIAE
1352 2928 1594 2973 DOMUS.

1175 3140 1238 3181 v.
1288 3124 1435 3184 760.

325 3266 608 3330 Protinus
635 3265 895 3345 Invidiae,
925 3268 1092 3352 nigro
1121 3268 1466 3352 squallentia
1493 3269 1652 3346 tab0,

320 3370 525 3436 Tecta
551 3373 714 3458 petit.
805 3374 1044 3437 Domus
1074 3388 1164 3438 est
1189 3374 1322 3438 imis
1350 3375 1410 3437 in
1438 3373 1679 3439 vallibus
1709 3378 1858 3442 antri

320 3480 570 3557 Abdita,
600 3480 722 3543 sole
752 3502 985 3557 carenS‚
1015 3503 1134 3543 non
1158 3481 1263 3543 *ulli
1291 3481 1495 3565 pervia
1523 3497 1698 3547 vento
1729 3507 1748 3563 3
2157 3484 2284 3544 365

321 3583 559 3662 Tristis,
591 3600 652 3648 et
680 3585 872 3669 ignavi
900 3585 1238 3669 plenissima
1267 3583 1530 3668 frigori53
1575 3603 1634 3651 et
1663 3611 1791 3673 quae

324 3687 470 3772 Igne
499 3702 675 3753 vacet
704 3709 963 3774 semper,
994 3688 1243 3771 caligine
1277 3709 1513 3775 semper
1543 3692 1822 3754 abundet.
