2622 4207
328 337 409 398 12
958 324 1713 386 METAMORPHOSEON

322 487 781 571 Fatidicamque
809 484 1094 563 Themin,
1125 508 1254 571 quae
1284 508 1442 550 nunc
1470 485 1673 549 oracla
1698 482 1958 548 tenebat.

326 593 471 659 Non
500 595 598 658 illo
627 593 835 657 melior
865 592 1198 676 quisquam,
1220 614 1337 655 nec
1368 591 1652 655 amantior
1681 588 1832 673 aequi

323 697 432 762 Vir
461 698 583 775 fuit,
616 712 715 761 aut
740 696 840 759 illa
866 696 1219 760 metuentior
1246 697 1367 759 ulla
1395 696 1668 759 deorum.
1709 696 1713 701 ’

320 802 552 886 Jupiter
571 814 637 862 ut
663 800 895 884 liquidis
922 813 1194 884 stagnare
1221 800 1536 885 paludibus
1563 801 1791 875 orbem,

320 904 408 971 Et
436 923 747 989 superesse
769 905 930 968 videt
961 905 1037 968 de
1067 919 1154 968 tot
1174 904 1357 968 modo
1387 905 1640 969 millibus
1666 926 1871 980 unum,
2147 893 2275 965 325

320 1009 406 1075 Et
435 1032 744 1096 superesse
773 1010 934 1073 videt
961 1010 1039 1073 de
1068 1016 1154 1074 tot
1172 1009 1356 1073 modo
1382 1010 1636 1073 millibus
1664 1031 1842 1072 unam
1866 1030 1887 1089 ς

317 1116 613 1182 Innocuos
645 1119 870 1194 amboS,
901 1118 1157 1181 cultores
1182 1116 1439 1180 numinis
1469 1116 1675 1179 ambos
1699 1139 1719 1195 ;

318 1222 542 1286 Nubila
569 1222 839 1308 disjecit:
880 1222 1214 1304 nimbisque
1243 1221 1539 1304 Aquilone
1568 1219 1830 1295 remotis,

318 1326 403 1390 Et
432 1328 587 1391 coelo
617 1342 802 1390 terras
822 1326 1095 1402 ostendit,
1126 1338 1188 1389 et
1216 1325 1434 1388 aethera
1462 1325 1649 1388 terris.

310 1431 456 1497 ‘Nec
486 1432 664 1495 maris
691 1433 779 1495 ira
798 1445 1039 1510 manet3
1083 1431 1391 1514 positoque
1420 1428 1739 1514 tricuspide
1769 1430 1889 1493 telo
2143 1430 2275 1491 ‘330

318 1535 552 1600 Mulcet
583 1559 767 1621 aquas
795 1549 992 1600 rector
1018 1536 1214 1620 pelagi
1239 1557 1255 1596 ε
1302 1556 1599 1621 supraque
1628 1532 1987 1620 profundum

317 1641 694 1720 Exstantem‚
720 1657 896 1726 atque
924 1643 1206 1705 humeros
1233 1641 1430 1704 innato
1453 1640 1680 1704 murice
1709 1654 1957 1716 tectum,

316 1746 658 1813 Caeruleum
686 1747 938 1811 Tritona
964 1760 1139 1810 vocat
1162 1769 1181 1826 3
1225 1748 1589 1830 conchaeque
1619 1747 1819 1811 sonaci

314 1851 608 1938 inspirare
628 1853 839 1939 jubet3
884 1853 1218 1938 fluctusque
1247 1866 1310 1916 et
1336 1851 1579 1916 flumina
1606 1853 1772 1938 signo

313 1957 454 2020 Jam
483 1981 766 2021 revocare
799 1960 959 2021 dato.
1051 1958 1223 2021 Cava
1251 1959 1507 2022 buccina
1536 1960 1781 2022 sumitur
1808 1958 1887 2021 illi
2148 1958 2273 2021 335

312 2059 573 2138 Tortilis,
603 2061 662 2124 in
692 2062 872 2124 latum
905 2081 1032 2143 quae
1062 2061 1294 2122 turbine
1324 2060 1539 2122 crescit
1566 2062 1640 2121 ab
1670 2062 1790 2122 imo
1816 2082 1833 2121 τ

313 2146 609 2239 Buccina‚
640 2184 768 2247 quae
792 2163 992 2226 medio
1022 2163 1297 2245 concepit
1325 2177 1391 2225 ut
1420 2164 1560 2225 aera
1586 2178 1788 2246 pont0,

311 2269 542 2334 Littora
569 2289 717 2331 voce
746 2268 953 2351 replet,
985 2267 1093 2330 sub
1122 2281 1371 2351 utroque
1390 2268 1652 2353 jacentia
1674 2268 1930 2333 Phoebo.

310 2374 477 2437 Tum
495 2395 763 2458 quoque,
792 2389 858 2438 ut
884 2395 990 2436 ora
1020 2372 1118 2436 dei
1146 2372 1392 2436 madida
1418 2374 1672 2437 rorantia
1699 2374 1888 2439 barba

305 2478 590 2563 Contigit,
622 2492 683 2542 et
702 2478 917 2542 cecinit
935 2477 1135 2563 jussos
1161 2477 1363 2542 inflata
1389 2495 1687 2563 receptuS,
2138 2488 2268 2549 340

312 2586 608 2649 Omnibus
639 2586 838 2650 audita
860 2600 950 2650 est
977 2586 1201 2650 telluris
1230 2599 1291 2649 et
1321 2587 1569 2671 aequoris
1598 2588 1769 2651 undis
1795 2611 1811 2649 ε

312 2690 399 2756 Et
429 2693 642 2776 quibus
673 2706 762 2755 est
789 2692 962 2754 undis
992 2692 1211 2766 audita,
1242 2693 1509 2754 coercuit
1536 2714 1767 2755 omnes,

398 2791 438 2854 J
441 2815 537 2854 am
567 2813 731 2854 mare
761 2793 916 2853 littus
944 2792 1160 2852 habet:
1203 2792 1411 2872 plenos
1438 2793 1597 2873 capit
1624 2793 1827 2855 alveus
1856 2816 2099 2860 anmes:

313 2897 595 2962 Flumina
623 2896 966 2959 subsidunt:
1011 2896 1195 2957 colles
1226 2895 1391 2957 exire
1420 2895 1713 2959 videntur.

316 3003 516 3086 Surgit
545 3002 794 3063 humus:
838 3013 1112 3062 crescunt
1139 2999 1273 3062 loca
1302 2998 1786 3067 decrescentibus
1811 3006 2004 3070 undis.
2140 3012 2264 3073 345

312 3108 579 3191 Postque
612 3106 770 3168 diem
801 3105 1036 3188 longam
1063 3104 1286 3167 nudata
1313 3107 1626 3171 cacumina
1654 3109 1808 3174 silvae

315 3210 669 3286 Ostendunt,
699 3209 1021 3292 limumque
1052 3208 1340 3272 tenentia
1369 3207 1577 3274 fronde
1603 3213 1894 3282 relictum.
