2622 4207
331 280 414 341 36
968 259 1725 323 METAMORPHOSEON

330 430 464 496 Hos
491 442 671 494 necat
699 427 924 492 afflatos
952 423 1163 489 funesti
1191 424 1329 486 tabe
1358 420 1591 485 veneni.

418 533 678 600 Fecerat
707 533 954 617 exiguas
973 529 1103 614 jam
1133 529 1220 591 sol
1250 526 1564 590 altissimus
1590 522 1868 588 umbras:

333 638 490 715 Quae
519 659 688 702 mora
717 637 789 700 sit
816 634 990 699 sociis
1019 632 1261 695 miratur
1292 630 1574 713 Agenore
1605 640 1817 706 natus;

328 743 712 827 Vestigatque
743 739 918 801 viros.
1009 735 1310 819 Tegimen
1341 734 1587 816 derepta
1615 729 1773 793 leoni

334 846 516 910 Pellis
547 858 715 922 erat3
759 842 945 905 telum
975 838 1306 924 splendenti
1335 837 1547 899 lancea
1576 832 1752 910 ferm,
2210 830 2303 890 30

333 948 417 1013 Et
434 947 703 1033 jaculum
729 967 748 1024 ;
791 944 1029 1027 teloque
1062 942 1291 1005 animus
1321 937 1681 1024 praestantior
1709 934 1891 999 omni.

330 1052 419 1117 Ut
444 1074 660 1116 nemus
688 1050 937 1127 intravit,
966 1049 1262 1132 letataque
1293 1066 1549 1130 corpora
1575 1042 1738 1118 vidit,

328 1157 756 1242 Victoremque
780 1155 959 1240 supra
988 1153 1225 1239 spatiosi
1248 1150 1511 1235 corporis
1538 1150 1772 1213 hostem

330 1261 553 1325 Tristia
581 1257 904 1344 sanguinea
929 1242 1293 1320 lambentem
1323 1254 1564 1316 vulnera
1592 1249 1832 1334 lingua3

333 1364 489 1427 ‘Aut
510 1362 661 1428 ultor
688 1375 917 1436 vestrae,
947 1358 1230 1421 fidissima
1260 1376 1531 1443 corpora,
1562 1354 1785 1429 mortiS,
2206 1351 2290 1411 35

333 1466 459 1529 Aut
487 1486 713 1540 comes,
740 1462 756 1493 '
785 1462 991 1545 inquit,
1025 1467 1042 1497 ‘
1067 1459 1213 1523 ero.'
1303 1457 1506 1521 Dixit:
1552 1455 1884 1540 dextraque
1915 1453 2203 1518 molarem

312 1567 620 1646 *Sustulit3
665 1579 727 1629 et
753 1585 1034 1648 magnum
1064 1584 1283 1647 magno
1311 1559 1624 1625 conamine
1657 1558 1829 1622 misit.

330 1673 494 1739 Illius
514 1672 769 1757 impulsu
798 1692 939 1733 cum
968 1669 1222 1733 turribus
1253 1668 1441 1731 ardua
1469 1665 1646 1757 celsis

333 1775 564 1841 Moenia
591 1789 754 1840 mota
782 1772 1010 1837 forent:
1057 1794 1300 1858 serpens
1332 1772 1455 1835 sine
1484 1770 1726 1833 vulnere
1757 1768 1986 1833 mansit.

333 1880 692 1966 Loricaeque
721 1879 903 1943 modo
934 1879 1195 1964 squamis
1226 1876 1528 1954 defensuS‚
1561 1891 1620 1940 et
1651 1890 1786 1940 atrae
2208 1878 2295 1935 40

327 1985 566 2052 Duritia
591 1987 779 2070 pellis,
810 1985 1032 2067 validos
1063 1999 1198 2047 cute
1228 1984 1440 2067 repulit
1468 1984 1639 2047 ictus.

330 2093 416 2157 At
435 2115 552 2155 non
584 2089 797 2153 duritia
813 2088 1081 2177 jaculum
1113 2111 1350 2172 quoque
1381 2088 1558 2152 vincit
1588 2086 1842 2166 eadem3

330 2192 749 2275 Quodmedio
779 2191 949 2254 lentae
973 2191 1160 2252 fixum
1190 2191 1532 2258 curvamine
1563 2191 1740 2275 spinae

331 2298 650 2377 Constitit}
694 2312 756 2360 et
782 2310 905 2359 toto
935 2296 1246 2359 descendit
1273 2296 1331 2359 in
1360 2296 1459 2358 ilia
1488 2296 1664 2359 ferro·

330 2400 460 2478 Ille,
491 2400 697 2463 dolore
729 2397 922 2476 ferox,
953 2412 1134 2483 caput
1162 2399 1221 2462 in
1252 2420 1361 2463 sua
1390 2413 1556 2484 terga
1583 2401 1815 2465 retorsit
1840 2425 1855 2463 t
2205 2409 2291 2467 45

331 2503 719 2588 Vulneraque
751 2502 1045 2588 adspexit,
1076 2502 1384 2588 fixumque
1413 2504 1619 2568 hastile
1651 2505 1986 2570 momordit.

334 2605 546 2692 quue,
577 2606 679 2670 ubi
709 2606 763 2669 vi
792 2605 977 2670 multa
1006 2621 1237 2691 partem
1264 2606 1542 2671 labefecit
1570 2608 1629 2671 in
1657 2631 1918 2687 omnem,

332 2710 458 2775 Vix
479 2725 648 2795 tergo
680 2710 891 2795 eripuit
916 2733 931 2771 ε
977 2707 1198 2772 ferrum
1226 2705 1429 2773 tamen
1458 2712 1687 2775 ossibus
1716 2714 1919 2776 haeret.

334 2810 503 2877 Tum
524 2811 690 2887 vero,
720 2824 1032 2894 postquam
1065 2810 1260 2872 solitas
1292 2812 1545 2875 accessit
1575 2813 1651 2875 ad
1681 2813 1795 2875 iras

334 2913 526 2999 Plaga
554 2934 786 2990 recem,
816 2912 1003 2998 plenis
1032 2927 1375 2976 tumuerunt
1404 2930 1637 2997 guttura
1664 2918 1831 2981 venis
1858 2940 1873 2980 ε
2208 2927 2293 2985 50

340 3019 686 3106 Spumaque
718 3014 1026 3101 pestiferos
1055 3016 1410 3081 circumfluit
1440 3019 1635 3083 albida
1663 3022 1843 3087 rictus
1875 3045 1891 3085 ι

334 3125 650 3210 Terraque
679 3146 813 3188 rasa
834 3137 1000 3188 sonat
1029 3124 1327 3211 squamis3
1371 3126 1588 3211 quique
1618 3129 1830 3193 halitus
1860 3130 1985 3196 exit

339 3233 468 3300 Ore
498 3233 666 3317 niger
696 3230 925 3317 Stygio,
956 3231 1184 3297 vitiatas
1209 3232 1393 3297 inficit
1423 3256 1615 3297 auras·

337 3338 477 3424 Ipse
506 3336 690 3401 modo
718 3337 1075 3402 immensum
1106 3338 1272 3424 spiris
1302 3337 1651 3405 facientibus
1679 3342 1887 3407 orbem

340 3441 614 3527 Cingitur
639 3464 657 3505 z
698 3442 996 3506 interdum
1023 3442 1200 3529 longa
1228 3445 1394 3508 trabe
1424 3447 1639 3510 rectior
1668 3448 1813 3511 exit.
2209 3457 2292 3515 55

340 3548 575 3635 Impete
605 3570 763 3616 nuno
792 3563 978 3627 vasto,
1010 3571 1123 3612 ceu
1147 3550 1413 3615 concitus
1440 3551 1722 3618 imbribus
1753 3556 1960 3636 amnia,

340 3653 582 3735 Fertur,
612 3669 673 3722 et
700 3655 996 3722 obstantes
1022 3658 1327 3741 proturbat
1351 3674 1595 3745 pectore
1624 3662 1816 3729 silvas.
