2622 4207
1005 203 1382 260 EPISTOLA
1407 202 1534 257 VII.

767 300 772 331 i

268 366 490 431 Certus
521 387 605 442 ες,
641 365 864 441 AEneas
885 385 1026 427 cum
1056 361 1283 425 foedere
1314 360 1541 423 solvere
1572 379 1755 421 naves
1780 381 1795 419 ε

355 470 633 556 Quaeque
664 473 761 534 ubi
793 471 906 534 sint
933 469 1144 545 nescis,
1177 467 1321 530 Itala
1349 487 1534 549 regna
1564 463 1753 547 sequi.

269 577 409 640 Nec
438 599 590 640 nova
620 575 943 658 Carthag0‚
974 596 1086 637 nec
1116 586 1174 635 te
1206 571 1535 634 crescentia
1563 580 1807 651 tangunt

358 681 587 744 Moenia
611 705 630 760 ;
660 702 774 744 nec
806 696 1038 763 sceptro
1066 678 1277 742 tradita
1307 698 1538 739 summa
1567 690 1689 736 tu0.
2004 726 2037 756 e

271 785 464 848 Facta
496 786 643 870 fugis
666 809 685 864 ;
717 784 988 848 facienda
1015 785 1187 868 petis.
1279 781 1622 855 Quaerenda
1651 800 1758 863 per
1787 761 1998 841 orbem

359 892 583 968 Altera,
618 888 855 975 quaesita
886 904 976 954 est
1005 891 1186 952 altera
1215 901 1372 950 terra
1400 887 1524 949 tibi.

271 994 359 1058 Ut
387 1009 602 1058 terram
631 997 912 1070 inveniaS,
946 995 1073 1077 quis
1104 1015 1238 1055 eam
1268 992 1369 1054 tibi
1397 991 1590 1054 tradet
1628 989 1965 1052 habendam
1990 987 2015 1049 ἓ

360 1100 517 1173 Quis
548 1123 654 1163 sua
681 1123 797 1162 non
829 1100 981 1160 notis
1014 1120 1151 1160 arva
1180 1097 1435 1158 tenenda
1468 1094 1677 1156 dabit?

277 1205 444 1270 Alter
472 1206 783 1266 habendus
814 1225 979 1265 amor
1007 1203 1106 1264 tibi
1137 1214 1336 1277 restat,
1367 1216 1425 1263 et
1457 1201 1639 1264 altera
1667 1200 1831 1263 Dido
1859 1222 1875 1261 z

362 1308 687 1391 Quamque
716 1309 927 1370 iterum
959 1307 1141 1382 sallaS,
1175 1307 1356 1369 altera
1387 1308 1581 1368 danda
1611 1307 1781 1368 fides·

271 1414 540 1488 Quando
571 1414 696 1490 erit,
728 1427 789 1474 ut
817 1414 1041 1475 condas
1071 1413 1248 1475 instar
1263 1411 1649 1494 'Carthaginis
1678 1412 1908 1489 urbem,

362 1518 445 1581 Et
473 1519 675 1581 videas
707 1520 952 1602 populos
984 1520 1131 1580 altus
1162 1519 1235 1581 ab
1268 1540 1403 1580 arce
1434 1517 1610 1580 tuos?

275 1623 495 1686 Omnia
527 1638 590 1686 ut
618 1624 907 1698 eveniant,
938 1645 1051 1685 nec
1080 1637 1139 1684 te
1171 1636 1271 1683 tua
1298 1637 1433 1696 vota
1461 1636 1763 1684 morentur
1789 1644 1811 1700 ;

360 1727 543 1790 Unde
573 1727 696 1802 tibi,
730 1749 856 1808 quae
887 1740 946 1788 te
978 1728 1060 1788 sic
1093 1740 1271 1800 amet,
1309 1748 1458 1788 uxor
1489 1724 1644 1787 erit?

272 1833 506 1895 AEneas
535 1832 723 1893 oculis
754 1852 988 1912 semper
1016 1830 1302 1912 vigilantis
1331 1830 1574 1891 inhaeret
1599 1851 1614 1890 ε

361 1936 602 1998 AEnean
635 1935 830 1997 animo
860 1956 1098 2017 noxque
1130 1935 1375 2018 diesque
1404 1934 1601 1998 refert.

272 2042 380 2105 Ille
414 2041 654 2125 quidem
679 2040 831 2102 male
861 2055 1077 2124 gratus,
1108 2053 1168 2102 et
1197 2040 1270 2102 ad
1303 2062 1440 2103 mea
1469 2062 1715 2106 munera
1745 2042 1954 2107 surdus
1977 2064 1998 2123 3

362 2146 448 2209 Et
478 2168 614 2231 qu0‚
646 2147 692 2209 si
723 2169 840 2208 non
870 2147 979 2208 sim
1009 2147 1199 2223 stulta,
1230 2168 1435 2209 carere
1467 2148 1684 2210 velim}

277 2253 417 2316 Non
446 2266 644 2314 tamen
675 2250 929 2338 AEnean,
962 2253 1223 2334 quamvis
1254 2252 1408 2315 male
1439 2254 1673 2337 cogitat,
1697 2256 1795 2318 odi
1820 2278 1836 2317 ε

363 2358 490 2419 Sed
520 2379 732 2440 queror
760 2358 1020 2434 infidum,
1044 2374 1367 2442 questaque
1398 2359 1567 2443 pejus
1595 2381 1752 2422 amo·

276 2462 490 2539 Parce,
523 2462 747 2539 VenuS‚
777 2463 968 2539 nurui,
998 2464 1329 2545 durumque
1361 2465 1718 2547 amplectere
1749 2464 2007 2544 fratrem,

364 2541 574 2630 Frater
604 2567 793 2629 Amor
819 2589 834 2627 ε
864 2568 1067 2636 castris
1098 2567 1300 2629 militet
1327 2568 1422 2628 ille
1452 2568 1588 2629 tuiS.

276 2670 471 2736 Fallor
496 2696 514 2752 ;
545 2687 606 2735 et
633 2673 743 2735 ista
772 2671 910 2733 mihi
942 2670 1089 2734 falso
1119 2672 1377 2756 jactatur
1405 2672 1619 2757 imago.

361 2777 570 2840 Matris
598 2780 672 2840 ab
702 2777 934 2860 ingenio
966 2777 1210 2841 dissidet
1236 2779 1332 2841 ille
1363 2801 1505 2842 suae.

276 2881 372 2945 Te
403 2884 568 2966 lapis,
600 2897 661 2945 et
689 2898 937 2962 montes,
968 2885 1279 2969 innataque
1310 2887 1550 2970 rupibus
1579 2888 1706 2953 altis

359 2988 627 3063 Robora,
660 3001 716 3049 te
746 3010 910 3050 saevae
942 2990 1306 3072 progenuere
1337 2991 1473 3055 ferae
1502 3015 1518 3054 ε

276 3093 401 3155 Aut
428 3114 614 3168 mare,
647 3094 818 3176 quale
848 3095 1014 3158 vides
1042 3097 1243 3179 agitari
1270 3121 1426 3160 nunc
1458 3120 1690 3183 quoque
1719 3105 1904 3169 ventis
1929 3129 1945 3167 ε

363 3198 551 3274 Quod
579 3213 777 3262 tamen
808 3202 1066 3265 adversis
1095 3202 1368 3266 fluctibus
1395 3205 1479 3266 ire
1522 3228 1716 3289 paras.

249 3303 421 3378 ‘Quo
451 3305 639 3389 fugis?
670 3309 859 3371 obstat
886 3310 1075 3371 hiems
1102 3332 1117 3370 ε
1148 3310 1356 3374 hiemis
1378 3312 1517 3374 mihi
1547 3314 1731 3396 gratia
1759 3319 1960 3400 prosit.

361 3412 646 3495 Adspice,
676 3428 741 3476 ut
768 3436 1002 3478 eversas
1030 3418 1283 3480 concitet
1313 3416 1513 3482 Eurus
1543 3440 1744 3503 aquas.

276 3515 461 3590 Quod
486 3519 589 3581 tibi
621 3520 946 3596 maluerim,
976 3521 1100 3583 sine
1131 3544 1229 3584 me
1260 3523 1481 3586 debere
1508 3527 1800 3607 procellis.

358 3621 580 3689 Justior
609 3638 699 3687 est
728 3627 921 3690 animo
948 3639 1158 3690 ventus
1188 3641 1249 3689 et
1277 3628 1436 3691 unda
1462 3642 1585 3692 tuo.

801 3737 873 3794 14

2148 674 2226 731 10

2156 1203 2231 1260 15

2151 1728 2235 1785 20

2137 2262 2221 2321 25

2133 2791 2216 2851 30

2129 3327 2212 3386 35
