2622 4207
1079 226 1454 285 EPISTOLA
1477 231 1546 284 X.
2154 238 2182 293 l
2193 234 2273 293 63

323 391 480 457 Inde
496 411 610 474 ego
641 389 807 476 (nam
834 390 1021 453 ventis
1050 410 1283 473 quoque
1306 410 1440 451 sum
1471 389 1809 453 crudelibus
1836 387 1972 473 usa)

411 496 552 560 Vidi
583 495 859 580 praecipiti
888 495 1132 557 carbasa
1157 507 1319 557 tenta
1340 495 1403 557 N
1404 510 1523 557 oto·
2191 497 2275 555 30

329 604 453 665 Aut
479 602 633 664 vidi:
664 615 763 664 aut
790 602 988 677 etiam,
1018 602 1157 662 cum
1187 623 1285 664 me
1331 602 1543 664 vidisse
1574 617 1864 685 putarem,

420 706 709 790 Frigidior
738 708 925 790 glacie
956 707 1409 791 semanimisque
1440 707 1542 770 fui.

334 812 472 875 Nec
501 812 783 895 languere
816 813 916 875 diu
944 815 1157 897 patitur
1188 812 1375 875 dolor.
1468 813 1720 877 Excitor
1747 815 1866 892 illo,

421 916 690 993 Excitor,
715 931 776 980 et
804 917 1040 980 summa
1066 918 1314 981 Thesea
1340 940 1491 980 voce
1519 941 1692 981 voco·

338 1028 354 1058 ‘
374 1020 516 1096 Quo
545 1022 744 1105 fugis?
770 1022 786 1051 '
818 1023 1132 1084 exclamo:
1177 1030 1194 1059 ‘
1215 1022 1524 1096 scelerate,
1553 1038 1871 1100 revertere,
1900 1024 2169 1092 Theseu.
2195 1031 2275 1090 35

420 1125 634 1192 Flecte
663 1142 853 1195 ratem
880 1149 896 1188 ε
924 1147 1383 1227 numermnsnon
1402 1126 1582 1191 habet
1607 1127 1706 1189 illa
1732 1131 1947 1192 suum)

336 1237 493 1302 Haec
523 1258 660 1319 ego.
748 1234 936 1310 Quod
965 1235 1095 1296 voci
1126 1226 1349 1309 deerat,
1378 1235 1659 1317 plangore
1681 1235 2001 1319 replebam.

426 1340 697 1406 Verbera
725 1362 861 1404 cum
892 1341 1085 1403 verbis
1112 1340 1281 1402 mista
1314 1339 1481 1403 fuere
1510 1340 1676 1402 meis.

343 1448 409 1512 Si
437 1469 552 1510 non
584 1447 834 1524 audireS‚
866 1459 930 1508 ut
958 1446 1164 1509 saltem
1194 1467 1442 1508 cernere
1472 1467 1696 1529 posses,

424 1552 666 1616 Jactatae
696 1553 811 1615 late
840 1552 1003 1634 signa
1033 1551 1256 1614 dedere
1281 1572 1514 1614 manus.
2201 1561 2285 1617 40

342 1657 736 1741 Candidaque
764 1656 1017 1739 imposui
1043 1656 1229 1738 longae
1257 1656 1550 1718 velamina
1575 1656 1771 1737 virgae,

434 1761 679 1825 Scilicet
703 1760 915 1821 oblitos
944 1759 1308 1821 admonitura
1336 1759 1479 1819 mei.

342 1867 602 1950 Jamque
630 1864 818 1927 oculis
847 1877 1083 1946 ereptus
1112 1883 1283 1924 eras:
1311 1875 1438 1924 turn
1469 1861 1726 1945 denique
1755 1862 1911 1927 flevi.

433 1970 815 2053 Torpuerant
841 1968 1051 2030 molles
1080 1967 1213 2031 ante
1245 1967 1448 2030 dolore
1478 1988 1665 2050 genae.

349 2074 515 2150 Quid
544 2075 737 2159 potius
764 2073 1050 2150 facerent‚'
1079 2074 1255 2158 quam
1287 2093 1385 2136 me
1414 2095 1553 2137 mea
1580 2073 1798 2138 lumina
1826 2073 2053 2154 flerent,
2206 2084 2289 2143 45

437 2180 761 2264 Postquam
790 2179 1084 2243 desierant
1110 2180 1242 2242 vela
1269 2179 1472 2241 videre
1514 2193 1613 2242 tua
1637 2178 1665 2241 ?

352 2286 474 2348 Aut
501 2307 615 2368 ego
644 2285 865 2347 diffusis
894 2285 1081 2348 erravi
1111 2285 1233 2347 sola
1262 2286 1508 2367 capillis,

440 2388 649 2464 Qualis
678 2391 750 2452 ab
781 2389 1019 2471 Ogygio
1047 2389 1280 2451 concita
1307 2389 1557 2451 Baccha
1596 2391 1711 2453 deo
1738 2414 1754 2451 ε

353 2496 474 2559 Aut
496 2516 661 2556 mare
691 2493 1051 2575 prospiciens
1077 2493 1137 2552 in
1166 2513 1313 2553 saxo
1341 2491 1549 2574 frigida
1578 2496 1702 2556 sedi
1730 2516 1746 2555 z

442 2597 769 2680 Quamque
796 2596 943 2678 lapis
974 2595 1169 2669 sedeS‚
1198 2608 1320 2656 tam
1347 2595 1494 2678 lapis
1521 2596 1643 2679 ipsa
1682 2596 1785 2659 sui.
2218 2608 2299 2666 50

357 2703 535 2787 Saepe
568 2718 760 2765 torum
788 2715 1012 2783 repet0‚
1044 2699 1142 2783 qui
1162 2721 1270 2762 nos
1300 2715 1612 2785 acceperat
1634 2703 1837 2767 ambos
1854 2727 1874 2784 3

449 2807 577 2870 Sed
605 2828 722 2869 non
754 2818 1031 2889 acceptos
1061 2805 1425 2869 exhibiturus
1454 2821 1599 2871 erat.

359 2910 445 2975 Et
470 2925 591 2988 tua,
624 2909 740 2996 qua
766 2932 1025 2993 possum,
1057 2931 1164 2993 pro
1191 2924 1271 2987 te,
1301 2912 1541 2995 vestigia
1570 2927 1745 2998 tango
1768 2938 1790 2995 ;

451 3016 783 3099 Strataque,
814 3036 941 3097 quae
971 3016 1252 3077 membris
1279 3015 1584 3100 intepuere
1614 3021 1746 3083 tuis.

360 3120 687 3199 Incumb03
715 3120 1110 3203 lacrymisque
1138 3134 1269 3182 toro
1297 3134 1571 3183 manante
1602 3123 1871 3205 profusiS‚
2217 3134 2298 3193 55

452 3232 470 3262 ‘
491 3224 863 3300 pressimus?
895 3226 1188 3302 exclnmn,
1221 3232 1237 3262 ‘
1258 3239 1319 3287 te
1349 3226 1506 3288 duo:
1534 3228 1720 3290 redde
1760 3231 1930 3294 duos.

364 3327 651 3393 Venimus
680 3329 797 3392 huc
829 3331 1041 3392 ambo:
1070 3351 1177 3392 cur
1205 3352 1322 3393 non
1352 3331 1708 3396 discedimus
1733 3337 1906 3399 ambo
1931 3336 1958 3400 ἓ

451 3434 716 3508 Perfide,
743 3456 880 3516 pars
907 3435 1104 3511 nostri,
1135 3435 1370 3511 lectule,
1400 3436 1586 3521 major
1614 3439 1713 3501 ubi
1742 3442 1875 3503 est?
1900 3442 1917 3473 ’

367 3538 530 3613 Quid
559 3537 816 3602 faciam?
848 3538 991 3611 Quo
1019 3540 1141 3601 sola
1170 3538 1324 3602 ferar
1348 3542 1375 3601 ?
1404 3539 1596 3605 Vacat
1622 3543 1804 3607 insula
1835 3548 2015 3609 cultu.

455 3644 597 3707 Non
625 3643 928 3706 hominum
956 3645 1151 3718 video,
1172 3666 1289 3706 non
1321 3665 1435 3726 ego
1461 3645 1616 3710 facta
1651 3649 1850 3711 boum.
2221 3648 2305 3708 60
