2622 4207
392 270 515 330 126
985 262 1737 318 METAMORPHosEoN

387 421 483 484 Ire
514 443 620 504 per
651 420 956 495 excubiaS,
987 435 1048 484 et
1075 443 1138 483 se
1171 420 1540 483 committere
1570 418 1774 496 nocti?

387 526 630 611 Perque
661 526 818 590 seros
849 548 1041 601 enseS‚
1072 548 1188 589 non
1218 527 1445 588 tantum
1475 525 1697 588 moenia
1724 523 1980 599 Troum,

388 630 620 694 Verum
651 633 826 694 etiam
857 653 1116 694 summas
1148 653 1319 693 arces
1348 631 1582 704 intrare,
1616 629 1841 710 suaque

392 736 645 819 Eripere
677 737 803 798 aede
835 738 1030 811 deam,
1062 750 1408 819 raptamque
1440 735 1651 795 efferre
1681 755 1786 815 per
1814 731 2055 795 hostes?
2220 737 2342 793 345

392 840 545 914 Quae
577 841 682 903 nisi
713 840 1009 915 fecissem,
1033 840 1243 903 frustra
1271 839 1607 901 Telamone
1639 852 1868 899 creatus

393 945 701 1007 Gestasset
727 946 876 1007 laeva
910 961 1208 1007 taurorum
1240 959 1472 1026 tergora
1502 956 1752 1026 septem.

390 1048 498 1111 1115
526 1065 700 1112 nocte
732 1050 873 1111 mihi
901 1050 1102 1134 Trojae
1136 1050 1377 1111 victoria
1405 1063 1569 1132 parta
1600 1061 1690 1109 est
1715 1069 1730 1107 ε

391 1153 691 1236 Pergama
717 1170 841 1217 turn
872 1155 1004 1229 vici,
1037 1154 1175 1216 cum
1206 1155 1357 1216 vinci
1398 1174 1571 1235 posse
1605 1152 1796 1234 coegi.

479 1259 707 1321 Desine
729 1259 1011 1341 Tydiden
1042 1258 1316 1340 vultuque
1349 1271 1408 1319 et
1434 1278 1734 1318 murmure
1764 1258 1930 1319 nobis
2213 1261 2341 1318 350

393 1363 710 1424 Ostentare
740 1358 940 1423 meum
970 1385 984 1422 ε
1029 1384 1165 1443 pars
1194 1376 1283 1423 est
1313 1384 1419 1423 sua
1448 1361 1636 1423 laudis
1667 1362 1723 1422 in
1755 1361 1889 1424 illis.

390 1465 527 1528 Nec
557 1480 640 1540 tu,
675 1467 814 1529 cum
845 1464 1006 1527 socia
1032 1466 1310 1548 clypeum
1341 1487 1448 1548 pro
1478 1465 1668 1527 classe
1698 1466 1963 1542 tenebas,

393 1568 568 1631 Solus
599 1592 731 1632 eras
755 1592 770 1630 ε
814 1570 915 1632 tibi
944 1571 1112 1632 turba
1140 1591 1367 1646 comes,
1397 1570 1540 1631 mihi
1569 1571 1809 1653 contigit
1836 1593 2009 1634 unus.

390 1673 536 1750 Qui,
568 1675 673 1738 nisi
704 1697 1036 1759 pugnacem
1067 1675 1535 1758 sciret'sapiente
1565 1676 1852 1738 minorem

391 1778 569 1855 Esse,
600 1803 712 1842 nec
742 1781 1034 1843 indomitae
1068 1781 1271 1849 deberi
1314 1782 1554 1863 praemia
1584 1781 1829 1856 dextrae,
2202 1776 2329 1842 *355

390 1885 525 1969 Ipse
558 1908 792 1969 quoque
815 1888 943 1949 haec
973 1900 1201 1969 peteret
1227 1909 1242 1947 ε
1285 1901 1517 1969 peteret
1546 1887 1900 1949 moderatior
1932 1884 2110 1970 Ajax,

391 1990 849 2073 Eurypylusque
881 1991 1072 2065 ferox,
1104 1992 1383 2072 claroque
1415 1992 1799 2053 Andremone
1830 2006 2000 2054 natus
2027 2013 2041 2050 z

388 2095 527 2158 Nec
558 2096 750 2157 minus
779 2095 1158 2168 Idomeneus,
1190 2092 1495 2174 patriaque
1527 2108 1760 2156 creatus
1790 2093 2007 2157 eadem

390 2198 733 2261 MerioneS.
778 2211 1006 2280 peteret
1035 2196 1273 2279 majoris
1302 2195 1481 2257 frater
1509 2198 1753 2259 Atridae.

388 2302 630 2385 Quippe
661 2323 838 2363 manu
869 2299 1048 2363 fortes
1081 2298 1221 2380 (nec
1253 2313 1387 2361 sunt
1414 2301 1514 2362 tibi
1544 2300 1740 2363 Marte
1771 2265 2046 2388 secundi)
2215 2311 2335 2370 360

388 2406 662 2469 Consiliis
691 2428 928 2469 cessere
959 2406 1129 2469 meis
1218 2406 1358 2467 Tibi
1392 2406 1639 2468 dextera
1668 2407 1824 2469 bello

385 2511 560 2576 Utilis
586 2537 604 2592 3
648 2514 943 2597 ingenium
975 2528 1082 2591 est,
1114 2514 1272 2597 quod
1302 2527 1441 2596 eget
1469 2513 1870 2576 moderamine
1901 2518 2100 2580 nostri.
2152 2587 2158 2593 ,

386 2617 491 2681 Tu
520 2620 670 2683 vires
700 2620 823 2683 sine
854 2635 1051 2683 mente
1082 2621 1236 2702 geris
1263 2643 1278 2681 t
1324 2620 1466 2681 mihi
1496 2640 1642 2682 cura
1670 2618 1843 2682 futuri
1875 2635 1983 2683 est.

385 2720 781 2805 Tupugnare
812 2737 979 2804 potes
1002 2745 1017 2782 ε
1040 2802 1044 2804 Α
1061 2722 1359 2804 pugnandi
1391 2737 1658 2803 tempora
1686 2743 1927 2784 mecum

362 2825 568 2907 -Eligit
597 2825 875 2889 Atrides:
919 2839 981 2886 tu
1009 2825 1233 2887 tantum
1264 2845 1512 2905 corpore
1541 2825 1796 2906 prodes;
2132 2809 2137 2814 ⁰
2209 2833 2329 2892 365

385 2929 517 2992 Nos
548 2930 741 2991 animo
768 2951 783 2988 ε
830 2941 1160 3009 quantoque
1190 2941 1379 2989 ratem
1411 2927 1507 3010 qui
1537 2942 1848 3012 temperat,
1881 2933 2055 2995 anteit

387 3031 657 3115 Remigis
686 3031 987 3110 officium3
1032 3046 1247 3114 quanto
1280 3032 1405 3094 dux
1434 3034 1614 3096 milite
1645 3036 1833 3119 major
1851 3058 1870 3115 3

385 3138 584 3200 Tanto
615 3159 726 3220 ego
757 3152 813 3200 te
844 3159 1077 3222 supero.
1172 3138 1309 3201 Nec
1338 3161 1456 3201 non
1486 3139 1544 3201 in
1573 3161 1822 3223 corpore
1852 3157 2053 3205 nostro

385 3242 641 3306 Pectora
672 3256 804 3305 sunt
831 3225 1055 3334 potiora
1084 3265 1300 3306 manu:
1345 3244 1508 3327 vigor
1536 3245 1726 3307 omnis
1745 3245 1803 3307 in
1832 3246 1961 3309 illis.

467 3349 550 3409 At
576 3369 700 3422 vos,
731 3369 768 3410 o
796 3370 1095 3431 procereS,
1126 3349 1283 3432 vigili
1315 3350 1451 3412 date
1482 3352 1722 3433 praemia
1750 3365 1986 3431 vestr03
2203 3358 2330 3418 370

329 3495 334 3500 -
388 3452 629 3537 Proque
658 3467 743 3515 tot
773 3476 1083 3517 annorum.
1108 3455 1271 3531 cura,
1305 3477 1452 3538 quos
1485 3457 1691 3517 anxius
1723 3457 1838 3539 egi,

387 3558 571 3624 Hunc
601 3559 828 3622 titulum
858 3559 1079 3622 meritis
1109 3560 1479 3643 pensandum
1509 3560 1737 3622 reddite
1767 3564 1997 3628 nostris·

293 3655 314 3668 Ἣ
386 3662 524 3727 Jam
545 3664 706 3728 labor
734 3664 793 3727 in
821 3663 938 3727 fine
969 3679 1094 3727 est:
1138 3664 1425 3728 obstantia
1451 3662 1571 3727 fata
1598 3667 1863 3735 removi:
