2622 4207
1049 294 1280 350 LIBER
1319 294 1474 349 XIII.
1522 307 1526 311 ·
1662 336 1669 342 .
2154 296 2269 352 117

314 452 527 517 Mallet
555 467 616 516 et
643 451 845 516 infelix
875 450 1238 515 Palamedes
1269 464 1401 515 esse
1431 450 1694 513 relictus·

310 557 599 638 Viveret3
644 571 743 621 aut
771 558 932 621 certe
963 558 1145 640 letum
1170 558 1294 620 sine
1327 557 1572 619 crimine
1593 549 1864 617 haberet.

311 662 518 737 Quem
548 664 702 726 male
734 663 984 726 convicti
1016 663 1259 726 nimium
1286 684 1518 724 memor
1547 661 1654 723 iste
1686 658 1899 723 furoris

308 766 579 832 Prodere
603 790 731 832 rem
761 769 1039 832 Danaam
1068 769 1275 831 finxit:
1320 769 1642 849 fictumque
1674 765 1942 849 probavit

308 871 578 950 Crimen,
611 887 670 937 et
697 875 969 951 ostendit,
1003 874 1163 957 quod
1190 873 1320 958 jam
1359 869 1733 957 praefoderat,
1765 891 1996 933 aurum.
2186 871 2268 931 60

394 977 560 1062 Ergo
591 994 691 1042 aut
718 981 927 1043 exsilio
957 980 1111 1043 vires
1140 979 1422 1044 subduxit
1450 975 1714 1050 Achivis,

309 1075 438 1146 Aut
466 1095 643 1147 nece.
739 1085 845 1146 Sic
873 1099 1116 1169 pugnat,
1148 1085 1234 1147 sic
1266 1098 1359 1146 est
1385 1082 1759 1157 metuendus,
1781 1080 2051 1164 UlysseS.

302 1187 449 1265 Qui,
478 1189 621 1251 licet
651 1190 884 1274 eloquio
913 1190 1099 1251 fidum
1131 1210 1366 1273 quoque
1396 1187 1656 1251 Nestora
1683 1187 1897 1262 vincat,

299 1291 491 1356 Haud
521 1307 719 1358 tamen
750 1282 987 1371 efficiet,
1019 1295 1321 1358 desertum
1351 1309 1414 1357 ut
1440 1294 1704 1357 Nestora
1723 1291 1948 1355 crimen

302 1397 463 1462 Esse
494 1422 628 1462 rear
656 1402 901 1463 nullum.
994 1400 1140 1478 Qui,
1172 1401 1314 1463 cum
1344 1400 1683 1484 imploraret
1709 1396 1994 1481 Ulyssem
2166 1397 2248 1459 65

295 1501 563 1568 Vulnere
581 1508 795 1570 ‚tardus
818 1507 977 1591 equi,
1009 1505 1319 1590 fessusque
1351 1506 1629 1570 senilibus
1659 1505 1844 1580 annia,

299 1608 579 1673 Proditus
608 1633 644 1674 a
673 1614 835 1675 socio
863 1626 975 1676 est.
1066 1613 1206 1697 Non
1235 1613 1366 1674 haec
1395 1612 1538 1674 mihi
1568 1610 1814 1674 crimina
1852 1609 1990 1690 fingi

301 1713 431 1778 Scit
457 1717 612 1779 bene
642 1715 919 1800 Tydides
944 1740 960 1778 ε
1008 1718 1105 1800 qui
1133 1717 1374 1779 nomine
1406 1737 1563 1798 saepe
1590 1727 1870 1777 vocatum

299 1818 646 1905 Corripuit3
688 1821 1037 1904 trepidoque
1066 1819 1279 1902 sugam.
1300 1818 1677 1902 exprobravit
1705 1817 1919 1879 amico.

296 1924 662 2008 Adspiciunt
696 1926 883 1988 oculis
913 1926 1110 2009 superi
1139 1925 1408 1987 mortalia
1426 1923 1620 2009 justis.
2180 1925 2262 1985 70

295 2028 395 2091 En
427 2043 567 2113 eget
597 2030 833 2107 auxili0,
866 2031 964 2115 qui
993 2052 1110 2093 non
1141 2030 1307 2092 tulit:
1353 2043 1534 2116 utque
1562 2028 1811 2113 reliquit,

300 2134 401 2197 Sic
430 2135 784 2219 linquendus
814 2151 959 2200 erat.
1051 2136 1287 2221 Legem
1319 2137 1427 2200 sibi
1458 2137 1689 2200 dixerat
1716 2137 1863 2219 ipse.

298 2237 652 2304 Conclamat
680 2242 891 2305 socios·
983 2244 1256 2323 Adsum3
1300 2243 1594 2326 videoque
1625 2254 1998 2317 trementem,

299 2342 747 2431 Pallentemque
777 2364 961 2426 metu,
994 2372 1066 2413 ac
1094 2350 1488 2433 trepidantem
1517 2362 1707 2438 morte
1738 2345 1950 2409 futura.

294 2447 559 2533 Opposui
594 2453 813 2515 molem
843 2454 1081 2536 clypei3
1124 2454 1367 2538 texique
1393 2454 1738 2537 jacentem3
2167 2455 2205 2512 ’7
2212 2455 2248 2511 5

294 2552 654 2640 Servavique
687 2558 946 2619 animam
980 2556 1316 2641 (minimum
1346 2567 1436 2619 e'st
1462 2558 1578 2619 hoc
1607 2554 1827 2639 laudis)
1861 2555 2130 2618 inertem.

300 2657 363 2720 Si
392 2674 620 2743 perstas
650 2674 902 2738 certare,
931 2662 1132 2723 locum
1161 2661 1479 2724 redeamus
1506 2660 1566 2722 in
1595 2660 1798 2722 illum:

293 2762 514 2827 Redde
544 2765 797 2842 hostem,
827 2766 1153 2850 vulnusque
1173 2779 1360 2842 tuum,
1391 2766 1741 2850 solitumque
1764 2765 2035 2829 timorem
2063 2787 2080 2827 ε

293 2865 442 2932 Post
471 2870 871 2954 clypeumque
901 2872 1058 2935 late:
1106 2887 1166 2936 et
1198 2863 1439 2935 mecum
1469 2873 1765 2938 contende
1798 2873 1907 2936 sub
1935 2872 2052 2937 illo.

291 2973 373 3037 At
401 2989 715 3058 postquam
747 2977 928 3061 eripui
956 3001 975 3057 3
1020 2977 1118 3041 cui
1147 2980 1335 3043 standi
1376 2981 1616 3044 vulnera
1644 2979 1800 3043 vires
2166 2983 2248 3043 80

291 3078 430 3142 Non
461 3080 769 3158 dederant,
798 3083 958 3145 nullo
985 3084 1247 3146 tardatus
1276 3085 1518 3148 vulnere
1550 3084 1714 3167 fugit.

377 3183 611 3248 Hector
641 3187 829 3263 adest,
860 3209 1184 3273 secumque
1217 3189 1367 3251 deos
1387 3189 1446 3250 in
1475 3190 1683 3272 proelia
1714 3189 1875 3253 ducit
1900 3214 1916 3252 ι

288 3286 551 3374 Quaque
582 3290 715 3367 ruit,
744 3313 862 3353 non
890 3306 954 3355 tu
981 3294 1207 3357 tantum
1236 3293 1491 3369 terreriS,
1532 3290 1773 3375 Ulysse,

290 3391 415 3456 Sed
445 3393 626 3459 sortes
656 3397 871 3460 etiam:
915 3412 1140 3461 tantum
1170 3400 1345 3461 trahit
1371 3398 1467 3460 ille
1491 3397 1730 3463 timoris.

290 3497 472 3564 Hunc
504 3521 617 3584 ego
646 3503 975 3585 sanguineae
1006 3526 1288 3567 successu
1317 3504 1496 3567 caedis
1525 3517 1799 3574 ovantem
2164 3514 2244 3570 85

288 3603 581 3670 Cominus
608 3607 827 3689 ingenti
850 3610 1188 3695 resupinum
1218 3610 1483 3696 pondere
1513 3609 1657 3673 sudi.

291 3706 471 3776 Hunc
502 3732 616 3796 ego
644 3727 1013 3799 poscentem,
1044 3735 1183 3777 cum
1215 3735 1345 3802 quot
1365 3730 1763 3794 concurreret,
1793 3728 1944 3775 unns
