2622 4207
339 284 437 361 68
946 250 1701 346 METAMonPHosnoN

339 448 519 514 Venit
547 464 607 514 et
637 452 712 514 ad
743 449 992 534 Cyanen
1021 472 1036 510 ε
1082 468 1174 522 ea,
1205 446 1263 507 ni
1292 457 1517 508 mutata
1539 441 1761 516 fuisset,

341 555 562 619 Omnia
589 556 900 630 narrasset,
931 553 1038 616 sed
1069 565 1129 614 et
1154 572 1223 613 os
1252 563 1313 611 et
1339 549 1538 631 lingua
1564 545 1781 608 volenti

340 659 565 723 Dicere
595 682 711 722 non
742 660 984 721 aderant
1009 678 1025 718 ε
1068 678 1203 731 nec,
1235 676 1355 738 quo
1385 655 1743 736 loqueretur,
1772 650 2052 712 habebat.

344 765 527 849 Signa
554 780 750 828 tamen
781 762 1092 826 manifesta
1121 760 1285 823 dedit
1309 782 1328 821 τ
1370 772 1689 841 notamque
1718 755 1965 841 parenti,
2158 757 2285 816 305

340 870 447 932 Illo
477 869 622 932 forte
650 870 787 931 loco
818 869 1143 952 delapsam,
1175 865 1399 950 gurgite
1429 885 1601 926 sacro

234 968 243 977 ’
340 975 757 1058 Persephones
789 981 996 1037 zonam
1021 973 1264 1036 summis
1292 970 1547 1034 ostendit
1573 970 1633 1031 in
1662 968 1854 1031 undis.

341 1081 548 1155 Quam
576 1082 746 1144 simul
777 1081 1026 1165 agnovit,
1056 1094 1337 1162 tanquam
1364 1091 1489 1139 tum
1519 1076 1775 1159 denique
1803 1088 2034 1160 raptam

266 1228 271 1235 -
342 1187 588 1263 Scisset,
619 1187 910 1250 inornatos
938 1186 1172 1249 laniavit
1199 1184 1336 1245 diva
1364 1182 1604 1265 capillos
1631 1204 1647 1242 ε

342 1289 427 1355 Et
454 1293 699 1376 repetita
731 1293 848 1354 suis
879 1290 1162 1374 percussit
1188 1301 1436 1372 pectora
1462 1286 1694 1370 palmis.
2159 1287 2287 1345 310

341 1398 406 1461 N
408 1419 480 1459 ec
512 1398 621 1459 scit
649 1397 843 1458 adhue
872 1396 972 1457 ubi
1003 1397 1114 1458 sit:
1157 1409 1343 1458 terras
1370 1407 1568 1456 tamen
1598 1393 1863 1477 increpat
1890 1412 2096 1455 omnes
2120 1414 2146 1470 ς

342 1503 725 1586 Ingratasque
753 1516 947 1578 vocat,
975 1522 1091 1563 nec
1121 1499 1355 1583 frugum
1383 1521 1629 1562 munere
1660 1500 1886 1583 dignas-

342 1607 713 1672 Trinacriam
747 1622 880 1671 ante
909 1606 1069 1682 alias,
1099 1607 1156 1668 in
1189 1605 1308 1690 quii
1330 1606 1574 1689 vestigia
1603 1606 1804 1669 damni

345 1715 618 1799 Reperit.
710 1714 876 1799 Ergo
905 1714 1020 1777 illic
1051 1713 1207 1777 saeva
1233 1714 1517 1777 vertentia
1548 1713 1751 1795 glebas
1857 1707 1869 1719 ‘

345 1820 552 1905 Fregit
574 1836 764 1885 aratra
792 1842 970 1883 manu
996 1844 1015 1899 3
1058 1821 1341 1904 parilique
1372 1820 1516 1882 irata
1537 1820 1778 1881 colonos
2164 1817 2287 1875 315

345 1925 779 2009 Ruricolasque
808 1929 992 1989 boves
1020 1927 1138 1988 leto
1168 1928 1376 2004 dedit3
1422 1936 1674 2006 arvaque
1695 1924 1866 2008 jussit
2095 1922 2099 1926 ’

348 2027 585 2092 Fallere
617 2030 970 2113 depositum,
1000 2029 1315 2111 vitiataque
1346 2028 1570 2090 semina
1599 2027 1758 2088 fecit.

346 2134 641 2198 Fertilitas
667 2150 855 2208 terrae,
886 2134 1068 2194 latum
1096 2133 1331 2214 vulgata
1357 2154 1466 2215 per
1494 2131 1722 2207 orbem,

344 2238 537 2303 Cassa
555 2240 760 2321 jacet:
804 2237 1005 2318 primis
1034 2250 1267 2317 segetes
1295 2237 1618 2298 moriuntur
1645 2235 1704 2297 in
1727 2235 1924 2298 herbis
1950 2258 1966 2295 ε

269 2335 275 2340 ’
341 2342 427 2405 Et
454 2341 635 2403 modo
667 2342 754 2403 sol
781 2340 1012 2416 nimius,
1041 2340 1254 2403 nimius
1282 2339 1465 2402 modo
1494 2340 1731 2424 corripit
1758 2340 1967 2402 imber.
2166 2346 2289 2405 320

344 2447 697 2531 Sideraque,
727 2446 1001 2529 ventique
1028 2461 1281 2510 nocent:
1329 2447 1630 2529 avidaeque
1658 2448 1931 2511 volucres

345 2553 590 2617 Semina
610 2553 775 2639 jacta
801 2554 1002 2636 legunt
1027 2575 1043 2615 t
1087 2554 1309 2629 lolium,
1340 2553 1651 2637 tribulique
1681 2551 1922 2637 fatigant

341 2658 635 2725 Triticeas
663 2682 908 2736 messeS,
939 2674 999 2722 et
1026 2660 1483 2743 inexpugnabile
1514 2680 1777 2741 gramen.

430 2767 591 2830 Cum
622 2781 802 2848 caput
832 2764 1000 2826 Eleis
1034 2764 1318 2846 Alpheias
1348 2764 1556 2825 extulit
1581 2764 1790 2825 undis:

344 2873 760 2951 Rorantesque
790 2888 994 2931 comas
1018 2889 1054 2928 a
1083 2865 1271 2928 fronte
1300 2867 1551 2929 removit
1581 2868 1657 2930 ad
1683 2867 1859 2933 aures
1885 2892 1901 2931 t
2162 2873 2286 2933 325

343 2979 542 3060 Atque
573 2976 693 3037 ait:
740 2981 757 3010 ‘
781 2972 843 3034 O
869 2985 990 3034 toto
1020 2972 1270 3055 quaesitae
1299 2971 1533 3055 virginis
1559 2975 1725 3051 orbe,
1815 3040 1824 3045 ,

344 3082 429 3145 Et
455 3080 687 3164 frugum
718 3078 985 3162 genitrix,
1014 3077 1336 3142 immensos
1365 3080 1500 3143 siste
1530 3080 1763 3145 labores
1788 3105 1805 3144 z

345 3188 520 3251 Neve
542 3187 645 3249 tibi
673 3186 805 3248 fidae
834 3185 1087 3248 violenta
1116 3185 1374 3247 irascere
1403 3200 1601 3247 terrae.

343 3291 540 3356 Terra
565 3293 706 3355 nihil
735 3291 947 3355 meruit
973 3314 989 3353 τ
1033 3291 1336 3376 patuitque
1365 3290 1542 3352 invita
1569 3292 1807 3375 rapinae.

344 3399 482 3464 Nec
512 3421 639 3461 sum
671 3419 779 3481 pro
807 3396 993 3480 patria
1020 3397 1269 3480 supplex
1296 3418 1315 3456 :
1355 3396 1474 3457 huc
1502 3396 1733 3479 hospita
1759 3396 1915 3459 veni.
2163 3400 2289 3460 330

345 3505 487 3569 Pisa
516 3504 658 3566 mihi
684 3501 871 3586 patria
900 3516 1030 3579 est3
1074 3516 1134 3563 et
1164 3502 1238 3565 ab
1268 3499 1448 3562 Elide
1479 3500 1751 3563 ducimus
1786 3489 2000 3565 ortum'.

350 3612 648 3676 Sicaniam
677 3607 984 3692 peregrina
1013 3607 1146 3669 colo
1166 3630 1184 3667 ι
1228 3606 1336 3669 sed
1366 3606 1579 3689 gratior
1607 3607 1766 3670 omni

348 3715 504 3780 Haec
531 3714 673 3778 mihi
700 3727 858 3776 terra
884 3711 1010 3773 solo
1038 3723 1149 3772 est.
1226 3709 1376 3783 „Hos
1403 3731 1561 3773 nunc
1590 3710 1892 3792 Arethusa
1914 3725 2182 3794 penateS,
