2622 4207
303 293 403 354 322
939 281 1694 361 METAMonrHosEON

305 443 483 509 Colla
500 444 649 530 jugo
679 444 946 529 eripiunt,
978 444 1343 528 abruptaque
1371 442 1500 505 lora
1525 442 1876 526 relinquunt.

303 553 430 618 Illic
461 553 640 618 fraena
658 555 881 640 jacent,
911 552 1028 616 illic
1057 567 1296 617 temone
1328 552 1594 616 revulsus
2133 551 2258 611 315

305 660 458 723 Axis
482 682 502 741 ;
545 660 604 722 in
632 658 746 722 hac
775 659 923 722 radii
953 656 1271 721 fractarum
1301 670 1468 742 parte
1496 670 1757 720 rotarum
1782 677 1799 718 ε

308 758 648 844 Sparsaque
678 772 812 821 sunt
839 758 955 821 late
985 758 1165 821 laceri
1196 756 1439 840 vestigia
1468 755 1696 820 currus·

305 864 389 927 At
417 862 751 940 Phaethon,
781 864 984 926 rutilos
1012 861 1256 926 flamma
1281 862 1601 946 populante
1631 860 1894 946 capillos,

305 967 574 1032 Volvitur
603 969 662 1031 in
690 991 976 1054 praecepS‚
1006 969 1300 1053 longoque
1330 990 1440 1052 per
1471 970 1611 1031 ae'ra
1639 981 1830 1031 tractu

308 1069 525 1134 Fertur
550 1093 569 1150 3
612 1085 679 1134 ut
706 1071 1000 1135 interdum
1023 1073 1101 1134 de
1131 1072 1287 1135 coelo
1317 1072 1484 1135 stella
1513 1091 1746 1147 seren0,
2136 1071 2263 1131 320

309 1172 441 1236 Etsi
470 1196 589 1237 non
617 1175 854 1252 cecidit,
883 1175 1071 1258 potuit
1098 1175 1387 1238 cecidisse
1418 1174 1623 1236 videri.

224 1321 230 1327 -
308 1278 516 1353 Quem
546 1281 752 1364 procul
776 1303 815 1343 a
839 1280 1030 1364 patria
1058 1281 1290 1343 diverso
1320 1279 1616 1342 maximus
1644 1280 1788 1343 orbe

308 1383 553 1469 Excipit
583 1384 902 1461 EridanuS,
933 1385 1380 1469 spumantiaque
1411 1385 1591 1448 abluit
1610 1406 1733 1448 ora.

308 1486 543 1550 Naides
574 1485 882 1572 Hesperiae
913 1485 1107 1550 trifida
1133 1482 1418 1551 fumantia
1446 1487 1690 1552 flamma

311 1589 584 1676 Corpora
613 1593 754 1656 dant
779 1591 1005 1655 tumulo
1032 1615 1048 1654 z
1094 1592 1438 1677 signantque
1468 1593 1585 1656 hoc
1614 1594 1877 1657 carmine
1909 1615 2123 1658 saxum
2150 1618 2165 1657 ε

313 1704 330 1735 ‘
356 1695 480 1760 Hic
510 1698 653 1761 situs
681 1712 772 1762 est
800 1697 1135 1774 Phaethon,
1167 1697 1374 1762 currfis
1404 1699 1605 1782 auriga
1632 1700 1901 1782 paterni:
2141 1702 2267 1763 326

313 1802 521 1877 Quem
551 1805 597 1868 si
626 1826 746 1868 non
773 1805 977 1881 tenuit,
1006 1805 1234 1889 magnis
1261 1820 1461 1869 tamen
1491 1807 1712 1870 excidit
1741 1807 1935 1871 ausis!

314 1906 480 1970 Nam
511 1921 677 1990 pater
704 1909 1017 1984 obductos,
1046 1910 1209 1972 luctu
1239 1910 1586 1974 miserabilis
1616 1932 1791 1994 aegro,

315 2010 685 2074 Condiderat
715 2014 943 2074 vultus:
987 2026 1065 2088 et,
1098 2015 1145 2076 si
1173 2016 1358 2077 modo
1387 2016 1707 2091 credimus,
1738 2037 1923 2077 unum

312 2113 438 2177 Isse
463 2114 622 2175 diem
653 2114 776 2175 sine
807 2114 930 2176 sole
962 2111 1174 2177 ferunt.
1266 2115 1550 2179 Incendia
1577 2117 1778 2180 lumen
2142 2123 2271 2183 330

313 2216 711 2296 Praebebant;
757 2217 1080 2301 aliquisque
1109 2219 1267 2283 malo
1295 2218 1403 2283 fuit
1429 2242 1569 2284 usus
1597 2222 1654 2284 in
1684 2223 1803 2285 illo.
1882 2231 1886 2235 '

313 2324 398 2387 At
427 2321 721 2405 Clymene
749 2339 1063 2406 postquam
1094 2324 1259 2401 dixit,
1290 2347 1659 2411 quaecunque
1690 2327 1924 2394 fuerunt

311 2426 383 2492 In
410 2427 582 2491 tantis
611 2427 868 2491 dicenda
895 2428 1063 2492 malis
1087 2452 1107 2510 3
1150 2431 1408 2515 lugubris
1437 2446 1499 2496 et
1528 2455 1751 2513 amens,

316 2531 403 2599 Et
429 2533 644 2597 laniata
671 2534 830 2598 sinus
857 2549 1043 2599 totum
1073 2538 1410 2622 percensuit
1437 2540 1645 2603 orbem
1670 2563 1686 2603 τ

317 2637 766 2725 Exanimesque
797 2656 954 2705 artus
981 2642 1190 2727 primo,
1219 2665 1366 2706 mox
1394 2666 1530 2707 ossa
1556 2647 1879 2730 requirens,
2036 2696 2044 2702 -
2142 2654 2268 2713 335

319 2744 573 2829 Reperit
599 2768 736 2809 ossa
762 2761 962 2808 tamen
989 2746 1302 2830 peregrina
1329 2747 1568 2811 condita
1593 2750 1742 2833 ripa.

315 2849 703 2934 Incubuitque
732 2851 867 2913 loco
893 2872 908 2911 z
951 2870 1286 2932 nomenque
1317 2850 1377 2912 in
1405 2872 1702 2918 marmore
1731 2856 1952 2921 lectum

319 2952 592 3018 Perfudit
617 2954 914 3038 lacryrniS,
944 2967 1006 3017 et
1031 2967 1236 3037 aperto
1264 2970 1507 3039 pectore
1539 2957 1698 3023 fovit.

734 3216 1064 3264 Humanas
1111 3222 1182 3264 IN
1227 3223 1522 3269 ARBORES
1568 3226 1867 3272 MUTATAE.

1163 3433 1224 3475 v.
1273 3418 1423 3479 340.

409 3545 549 3611 Nec
575 3546 769 3610 minus
797 3545 1086 3615 Heliades
1115 3550 1307 3630 fletus,
1340 3569 1419 3631 et,
1449 3556 1644 3619 inania
1671 3559 1844 3623 morti
1947 3625 1950 3628 ,

318 3648 594 3730 Munera,
625 3650 766 3717 dant
790 3651 1125 3738 lacrymas:
1171 3670 1230 3719 et
1250 3677 1417 3722 caesae
1447 3672 1693 3744 pectora
1717 3661 1929 3745 palmis
2142 3666 2270 3729 340
