2622 4207
1017 261 1245 319 LIBER.
1269 254 1423 318 xlv.

379 416 701 482 Proximus
726 418 1020 482 Ausonias
1047 418 1236 502 injusti
1264 419 1436 483 miles
1461 419 1669 482 Amuli

292 523 483 587 Rexit
508 547 685 607 opes:
730 523 1123 608 Numitorque
1152 546 1341 588 senex
1370 526 1582 588 amissa
1610 538 1891 609 nepotuffn

290 627 546 691 Munere
574 651 758 711 regna
786 630 983 712 capit:
1025 629 1302 713 festisque
1326 629 1604 694 Palilibus
1633 631 1793 693 urbis

288 731 519 796 Moenia
549 735 897 798 conduntur.
986 733 1313 819 Tatiusque
1345 750 1655 820 patresque
1702 734 1903 798 Sabini

293 837 468 901 Bella
495 854 702 922 gerunt
727 862 744 901 τ
789 840 1055 924 arcisque
1084 839 1183 902 via
1209 839 1475 925 Tarpeia
1501 839 1737 904 reclusa

289 941 494 1026 Digna
526 945 777 1008 animam
805 944 986 1028 poenz‘i
1013 946 1308 1028 congestis
1338 947 1503 1008 exuit
1531 945 1728 1008 armis.

287 1047 436 1112 Inde
469 1050 572 1111 sati
602 1045 886 1124 CuribuS,
913 1050 1228 1111 tacitorum
1256 1070 1422 1111 more
1450 1050 1743 1129 luporum,

289 1152 417 1215 Ore
447 1166 725 1236 premunt
750 1172 949 1225 voces,
980 1165 1041 1212 et
1067 1168 1319 1233 corpora
1344 1152 1499 1213 victa
1526 1171 1735 1233 sopore

286 1258 598 1334 Invadunt,
628 1270 944 1340 portasque
971 1268 1217 1339 petunt3
1262 1276 1408 1338 quas
1435 1255 1626 1340 objice
1655 1252 1825 1317 firma

288 1361 607 1426 Clauserat
634 1361 867 1423 Iliades·
957 1359 1156 1423 Unam
1185 1374 1384 1423 tamen
1411 1361 1541 1445 ipsa
1567 1359 1835 1434 recludit,

287 1467 352 1530 N
354 1489 426 1530 ec
456 1467 759 1550 strepitum
787 1488 957 1529 verso
984 1465 1260 1528 Saturnia
1296 1465 1537 1529 cardine
1568 1465 1727 1529 fecit.

291 1571 433 1634 Sola
461 1571 667 1635 Venus
694 1585 873 1655 portae
903 1572 1192 1634 cecidisse
1221 1573 1504 1654 repagula
1533 1571 1752 1634 sensit:

287 1675 372 1738 Et
398 1677 669 1738 clausura
697 1674 842 1760 suit:
883 1674 992 1736 nisi
1022 1674 1181 1756 quod
1210 1676 1550 1738 rescindere
1580 1693 1880 1756 nunquam

286 1780 400 1842 Dis
427 1782 567 1843 licet
596 1793 727 1842 acta
756 1779 959 1840 desim.
1046 1777 1200 1841 Jano
1227 1780 1361 1840 loca
1379 1779 1586 1861 juncta
1605 1778 1886 1840 tenebant

285 1886 523 1948 Naides
545 1884 841 1958 Ausoniae,
873 1882 1068 1963 gelido
1095 1881 1348 1943 rorantia
1376 1879 1535 1943 fonte
1560 1902 1577 1940 ε

286 1989 421 2052 Has
450 2002 618 2071 rogat
647 1987 947 2050 auxilium.
1035 1985 1101 2047 N
1102 2007 1173 2048 ec
1202 1986 1476 2068 nymphae
1501 1986 1660 2069 justa
1686 1999 1986 2069 petentem

290 2093 632 2157 Sustinuere
664 2093 839 2156 deam
867 2116 884 2155 ε
925 2112 1223 2176 venasque
1255 2105 1317 2154 et
1342 2089 1586 2154 flumina
1613 2089 1786 2155 fontis

289 2198 568 2261 Elicuere
599 2199 709 2260 sui.
798 2197 1084 2262 Nondum
1114 2212 1314 2260 tamen
1342 2197 1497 2258 invia
1523 2195 1658 2258 Jani

286 2302 412 2365 Ora
439 2303 685 2385 patentis
713 2317 897 2378 erant,
927 2324 1121 2386 neque
1152 2302 1260 2364 iter
1288 2303 1669 2385 praecluserat
1693 2302 1871 2365 unda.

285 2406 512 2470 Lurida
541 2420 869 2489 supponunt
898 2406 1178 2470 soecundo
1207 2405 1426 2469 sulfura
1456 2405 1616 2482 sonti,

285 2510 729 2592 Incenduntque
760 2531 935 2570 cavas
963 2508 1224 2570 fumante
1253 2510 1535 2571 bitumine
1565 2531 1768 2573 venas.

287 2613 523 2677 Viribus
549 2615 641 2675 his
672 2613 911 2696 aliisque
941 2633 1123 2694 vapor
1151 2612 1475 2692 penetravit
1504 2612 1579 2673 ad
1608 2612 1730 2673 ima

285 2716 493 2782 Fontis
520 2742 536 2779 ε
581 2732 642 2780 et
668 2718 884 2800 Alpino
903 2715 1083 2778 modo
1115 2736 1243 2799 quae
1274 2728 1501 2777 certare
1530 2715 1702 2798 rigori

286 2823 616 2885 Audebatis
647 2843 831 2905 aquae,
862 2840 979 2883 non
1008 2819 1216 2883 ceditis
1243 2819 1470 2902 ignibus
1499 2820 1656 2902 ipsis.

284 2924 668 2991 Flammifera
698 2926 912 3008 gemini
941 2924 1165 2987 fumant
1195 2924 1539 3007 adspergine
1570 2939 1810 3008 postes:

283 3030 607 3113 Portaque,
639 3031 1028 3113 nequicquam
1058 3029 1256 3111 rigidis
1284 3031 1569 3112 permissa
1602 3031 1851 3109 Sabinis,

287 3133 342 3196 F
344 3148 482 3196 onte
514 3132 620 3194 suit
644 3146 978 3216 praestructa
1006 3155 1202 3211 novo;
1247 3134 1391 3194 dum
1420 3133 1668 3197 Martius
1699 3156 1862 3197 arma

284 3237 568 3304 Indueret
595 3237 782 3299 miles.
873 3235 1026 3309 Quae
1051 3251 1360 3320 postquam
1391 3237 1685 3301 Romulus
1714 3239 1863 3302 ultro

287 3340 555 3419 Obtulit3
599 3354 660 3402 et
709 3353 884 3402 strata
913 3355 1001 3403 est
1047 3342 1216 3403 tellus
1246 3341 1524 3403 Romana
1561 3341 1790 3404 Sabinis

287 3444 668 3528 Corporibus,
699 3458 874 3508 strata
904 3459 1107 3528 estque
1139 3446 1256 3507 suis
1279 3467 1298 3523 3
1343 3445 1658 3528 generique
1689 3468 1961 3511 cruorem

289 3549 590 3632 Sanguine
621 3570 758 3610 cum
789 3549 977 3612 soceri
1006 3548 1345 3632 permiscuit
1377 3548 1585 3631 impius
1614 3551 1808 3612 ensis:

287 3652 453 3717 Pace
484 3667 683 3717 tamen
716 3652 835 3716 sisti
863 3654 1103 3728 bellum,
1131 3657 1247 3716 nec
1275 3653 1339 3714 in
1366 3652 1566 3714 ultima
1595 3652 1749 3716 ferro

2126 251 2245 327 1:32

2127 632 2243 690 125

2127 1155 2246 1213 130

2121 1678 2239 1735 135

2115 2203 2235 2261 140

2114 2721 2231 2781 145

2112 3248 2232 3306 150
