2622 4207
274 297 323 356 3
910 283 1664 344 METAMORPHOSEON

275 446 568 511 Struxerit
594 446 848 524 insidias,
877 461 1048 511 notus
1078 447 1324 525 feritate,
1356 446 1652 532 Lycaon?
1675 446 1702 477 ''

359 551 792 617 Confremuere
820 575 1029 616 omnes
1055 576 1071 615 t
1116 553 1435 636 studiisque
1467 552 1802 616 ardentibus
1833 572 2041 615 ausum

268 654 446 719 Talia
475 655 820 738 deposcunt.
914 654 1038 731 Sic,
1067 655 1209 717 cum
1238 677 1448 719 manus
1477 654 1656 739 impia
1684 654 1844 717 saevit
2101 656 2229 716 200

274 760 572 844 Sanguine
600 758 883 823 Caesareo
912 759 1256 823 Romanum
1287 762 1632 843 extinguere
1662 781 1902 836 nomen,

271 863 598 928 Attonitum
627 876 797 926 tantae
822 863 1011 927 subito
1039 878 1262 927 terrore
1292 864 1471 928 ruinae

252 966 621 1035 .Humanum
651 989 836 1052 genus
866 983 998 1048 est3
1041 984 1314 1054 totusque
1340 969 1672 1054 perhorruit
1698 969 1876 1033 orbis.

270 1070 409 1135 Nec
438 1071 539 1135 tibi
569 1086 731 1155 grata
760 1072 954 1136 minus
980 1073 1188 1157 pietas,
1218 1072 1509 1157 Auguste,
1537 1087 1793 1147 tuorum,

270 1174 476 1252 Quam
506 1176 612 1240 fuit
638 1178 737 1240 illa
762 1175 918 1239 Jovi.
1011 1176 1136 1252 Qui
1163 1193 1476 1262 postquam
1512 1200 1661 1241 voce
1692 1197 1994 1260 manuque
2097 1180 2222 1241 205

268 1276 581 1342 Murmura
610 1278 957 1364 compressit
980 1301 1001 1358 3
1043 1279 1288 1342 tenuere
1321 1280 1546 1342 silentia
1574 1280 1792 1343 cuncti.

270 1381 536 1448 Substitit
564 1397 627 1446 ut
654 1383 897 1460 clamor,
928 1406 1162 1467 pressus
1191 1385 1472 1467 gravitate
1501 1384 1799 1468 regentis3

264 1486 494 1572 Jupiter
523 1489 638 1550 hoc
667 1488 878 1551 iterum
908 1510 1180 1553 sermone
1212 1490 1439 1554 silentia
1465 1490 1724 1574 rumpit:

269 1596 286 1627 ‘
309 1589 416 1652 Ille
447 1590 687 1674 quidem
716 1612 924 1674 poenas
956 1588 1188 1676 (curam
1216 1593 1373 1656 hanc
1405 1591 1699 1678 dimittite)
1733 1594 1940 1674 solvit3

264 1690 452 1766 Quod
480 1706 678 1756 tamen
709 1693 1050 1771 admissum,
1083 1715 1211 1778 quae
1244 1694 1316 1758 sit
1343 1695 1620 1771 vindicta,
1639 1695 1892 1760 doceb0.
2093 1700 2223 1757 210

267 1794 616 1881 Contigerat
642 1811 868 1863 nostras
894 1796 1132 1862 infamia
1160 1799 1443 1884 temporis
1473 1821 1645 1863 aures
1671 1821 1688 1862 ε

268 1900 476 1975 Quam
505 1904 752 1986 cupiens
781 1903 1008 1980 falsam,
1040 1927 1276 1969 summo
1303 1906 1547 1971 delabor
1576 1904 1860 1989 Olympo,

266 2006 351 2070 Et
381 2007 528 2071 deus
556 2006 816 2070 humana
842 2008 1022 2070 lustro
1051 2010 1159 2070 sub
1188 2009 1443 2090 imagine
1465 2022 1671 2070 terras.

268 2114 483 2198 Longa
511 2136 677 2178 mora
707 2127 815 2190 est,
847 2127 1130 2198 quantum
1158 2136 1330 2176 noxae
1361 2114 1433 2176 sit
1461 2113 1679 2195 ubique
1707 2126 2028 2197 repertum,

268 2215 640 2279 Enumerare
668 2239 683 2277 t
727 2216 917 2279 minor
946 2214 1052 2278 fuit
1079 2216 1206 2299 ipsa
1234 2212 1473 2278 infamia
1501 2235 1662 2277 vero.
2091 2222 2222 2280 215
2243 2202 2262 2208 ’

268 2317 523 2382 Maenala
549 2317 912 2394 transieram,
941 2316 1179 2380 latebris
1206 2317 1503 2381 horrenda
1531 2315 1811 2394 ferarum,

267 2419 353 2484 Et
379 2442 519 2483 cum
549 2417 804 2503 Cylleno
833 2419 1007 2503 gelidi
1035 2419 1234 2503 pineta
1264 2419 1478 2503 Lycei.

265 2525 539 2589 Arcados
566 2525 704 2589 hinc
734 2526 911 2589 sedes
940 2540 999 2588 et
1025 2525 1316 2614 inhospita
1341 2539 1500 2590 tecta
1526 2527 1757 2611 tyranni

266 2631 590 2715 Ingredion
623 2631 917 2695 traherent
946 2632 1086 2694 cum
1115 2654 1247 2696 sera
1277 2633 1629 2715 crepuscula
1657 2646 1917 2695 noctem.

268 2735 453 2819 Signa
481 2736 621 2797 dedi
651 2736 879 2798 venisse
910 2735 1091 2796 deum
1114 2757 1135 2812 3
1179 2736 1506 2816 vulgusque
1535 2735 1766 2816 precari
2086 2742 2218 2806 220

266 2837 572 2922 Coeperat.
662 2837 874 2899 Irridet
900 2835 1090 2920 primo
1118 2836 1216 2918 pia
1243 2850 1377 2898 vota
1407 2834 1680 2918 Lycaon.

265 2938 418 3003 Mox
448 2939 545 3013 ait,
570 2944 586 2975 ‘
618 2937 934 3022 Experiar,
966 2937 1114 2999 deus
1142 2937 1259 3014 hic,
1290 2937 1624 3001 discrimine
1655 2951 1878 3022 aperto,

264 3043 365 3106 An
396 3039 467 3104 sit
492 3040 750 3103 mortalis
776 3062 792 3101 ε
836 3060 947 3101 nec
980 3038 1087 3101 erit
1117 3039 1434 3103 dubitabile
1462 3041 1714 3105 verum.’

265 3147 465 3211 Nocte
494 3167 736 3230 gravem
766 3166 972 3208 somno
997 3168 1114 3208 nec
1142 3145 1321 3231 opina
1349 3147 1599 3231 perdere
1628 3163 1820 3211 morte

265 3249 373 3314 Me
403 3263 590 3333 parat.
684 3245 836 3311 Haec
865 3248 943 3310 illi
971 3249 1169 3332 placet
1198 3249 1565 3333 experientia
1593 3250 1738 3313 veri.
2087 3255 2217 3316 225

262 3354 402 3419 Nec
433 3347 739 3418 contentus
770 3375 863 3430 e0,
895 3353 1054 3416 missi
1085 3354 1161 3417 de
1191 3368 1367 3437 gente
1397 3354 1665 3418 Molossa

265 3460 507 3525 obsidis
534 3459 706 3523 unius
726 3458 996 3545 jugulum
1025 3480 1311 3523 mucrone
1341 3460 1576 3522 resolvit
1601 3481 1618 3520 z

261 3567 461 3650 Atque
491 3565 572 3628 ita
599 3565 928 3629 semineces
959 3564 1169 3649 partim
1199 3563 1555 3628 ferventibus
1579 3577 1744 3627 artus

261 3669 456 3735 Mollit
485 3670 671 3755 aquiS,
701 3671 914 3755 partim
945 3669 1211 3756 subjecto
1238 3669 1444 3733 torruit
1471 3668 1608 3752 igni.
