2622 4207
367 256 487 316 150
967 244 1725 304 METAMORPHosEoN

365 405 449 469 Et
481 403 847 469 Diomedeos
875 407 1102 470 AEneas
1133 405 1361 488 fugerat
1399 427 1591 468 enses·

360 510 611 574 Talibus
639 514 794 575 hanc
824 512 1088 595 genitor:
1120 519 1137 549 ‘
1165 511 1308 574 Sola
1337 510 1730 594 insuperabile
1762 508 1968 585 satum,

363 617 545 694 Nata,
577 640 818 682 movere
848 640 1019 701 paras
1043 617 1070 680 ?
1110 618 1290 680 intres
1320 617 1460 680 licet
1488 618 1616 700 ipsa
1634 616 1932 678 Sororum

362 722 559 785 Tecta
587 725 780 799 trium,
812 746 1021 786 cernes
1050 724 1167 787 illic
1197 724 1498 786 molimine
1527 737 1693 785 vasto

364 827 470 891 Ex
500 850 633 905 tere,
665 843 724 891 et
753 830 941 893 solido
963 852 1163 892 rerum
1194 830 1480 893 tabularia
1507 828 1662 892 ferro
1686 850 1701 890 z

364 931 517 1005 Quae
549 955 742 1018 neque
773 958 1130 999 concursum
1159 937 1316 1013 coeli,
1346 958 1543 1020 neque
1574 932 1831 997 fulminis
1852 932 2020 1008 iram,

362 1037 428 1102 N
430 1059 503 1100 ec
532 1054 801 1103 metuunt
828 1042 976 1105 ullas
1003 1056 1129 1106 tuta
1158 1057 1334 1126 atque
1366 1057 1581 1106 aeterna
1608 1041 1825 1104 minas.

363 1142 635 1208 Invenies
663 1145 780 1221 illic
810 1148 996 1211 incisa
1026 1149 1339 1212 adamante
1373 1147 1618 1232 perenni

364 1245 520 1311 Fata
549 1250 631 1311 tui
660 1254 929 1332 generis:
974 1254 1090 1336 legi
1117 1254 1265 1337 ipse,
1299 1253 1611 1336 animoque
1640 1252 1856 1326 notavi,

366 1351 451 1416 Et
478 1353 733 1449 referam
760 1380 776 1418 ε
819 1380 895 1421 ne
925 1359 1004 1422 sis
1032 1359 1353 1421 etiamnum
1382 1359 1583 1440 ignara
1611 1355 1806 1419 sumti.

364 1457 488 1522 Hic
519 1482 626 1524 sua
653 1464 972 1546 complevit
1003 1462 1139 1548 (pro
1171 1484 1307 1546 quc,
1340 1461 1665 1546 Cytherea,
1693 1460 1954 1545 laboras)

363 1564 693 1649 Tempora,
716 1567 1012 1651 perfectis,
1045 1590 1192 1652 quos
1221 1582 1387 1630 terrae
1422 1569 1642 1645 debuit,
1666 1569 1850 1631 annis.

365 1668 451 1734 Ut
481 1673 629 1735 deus
659 1674 910 1736 accedat
938 1675 1114 1750 coelo,
1148 1675 1499 1758 templisque
1530 1675 1776 1752 colatur,

364 1775 468 1840 Tu
498 1777 699 1855 facies,
730 1793 1018 1862 natusque
1049 1802 1208 1856 suus,
1240 1781 1338 1863 qui
1369 1780 1617 1847 nominis
1653 1781 1861 1856 haereS,

362 1881 707 1967 Impositum
739 1884 890 1948 seret
917 1884 1100 1948 Urbis
1130 1907 1299 1963 onus,
1332 1887 1589 1969 caesique
1633 1886 1894 1968 parentis

364 1987 496 2051 Nos
525 1990 584 2051 in
612 1990 767 2052 bella
797 2013 934 2052 suos
963 1989 1305 2054 fortissimus
1335 1992 1485 2053 ultor
1512 1991 1772 2053 habebit.

359 2092 522 2158 Illius
554 2094 825 2178 auspiciis
853 2096 1105 2158 obsessae
1137 2095 1358 2174 moenia
1380 2117 1593 2179 pacem

362 2200 539 2263 Victa
566 2214 768 2283 petent
797 2199 1039 2264 Mutinae
1069 2223 1085 2261 t
1130 2201 1440 2263 Pharsalia
1469 2202 1680 2263 sentiet
1708 2202 1890 2278 iHum,

362 2304 781 2388 AEmathiaque
811 2305 1023 2367 iterum
1051 2304 1369 2368 madefacti
1398 2306 1563 2369 caede
1595 2306 1850 2391 Philippi
1878 2331 1893 2368 ε

364 2410 450 2475 Et
477 2408 765 2495 Magnum
798 2410 1011 2474 Siculis
1038 2433 1254 2474 nomen
1286 2413 1654 2496 superabitur
1693 2413 1862 2475 undis
1888 2434 1904 2473 ε

363 2518 742 2602 Romanique
774 2518 943 2581 ducis
972 2518 1192 2603 conjux
1221 2518 1526 2604 AEgyptia,
1560 2521 1724 2582 taedae

362 2624 506 2690 Non
534 2628 688 2691 bene
716 2626 844 2702 fisa,
875 2627 1092 2688 cadet:
1124 2623 1448 2710 frustraque
1480 2628 1590 2690 erit
1616 2627 1711 2688 illa
1740 2625 1981 2700 minata,

363 2732 667 2796 Servitura
696 2754 803 2795 suo
833 2730 1128 2814 Capitolia
1155 2745 1354 2793 nostra
1399 2731 1672 2811 Canop0.

362 2837 528 2911 Quid
557 2838 658 2901 tibi
689 2836 1058 2910 Barbariem‚
1089 2848 1295 2916 gentes
1326 2836 1400 2895 ab
1436 2847 1681 2916 utroque
1701 2834 1976 2918 Jacentes

362 2943 633 3018 Oceano,
664 2961 972 3003 numerem
996 2939 1022 3001 ?
1069 2938 1492 3021 Quodcunque
1522 2940 1834 3003 habitabile
1864 2941 2038 3002 tellus

365 3047 643 3122 Sustinet,
676 3027 844 3131 bujus
875 3044 983 3106 erit
1007 3066 1021 3105 ε
1052 3058 1263 3127 pontus
1294 3065 1529 3127 quoque
1561 3046 1774 3108 serviet
1803 3045 1900 3108 illi.

364 3153 530 3216 Pace
562 3151 702 3215 data
727 3151 913 3226 terriS,
945 3150 1205 3213 animum
1236 3152 1311 3213 ad
1343 3151 1531 3214 civilia
1560 3166 1747 3213 vertet

362 3258 506 3322 Jura
537 3280 730 3334 suum,
760 3258 1036 3341 legesque
1062 3254 1209 3318 feret
1241 3256 1596 3341 justissimus
1625 3270 1827 3318 auctor
1853 3277 1869 3315 τ

363 3365 787 3447 Exemploque
819 3386 925 3426 suo
952 3384 1148 3426 mores
1176 3376 1342 3445 reget
1369 3384 1384 3422 ε
1424 3361 1598 3443 inque
1629 3359 1801 3423 futuri

360 3470 681 3553 Temporis
709 3484 961 3544 aetatem,
990 3483 1484 3551 venturorumque
1515 3480 1814 3549 nepotum,

361 3576 759 3661 ProspicienS,
788 3575 1018 3657 prolem
1048 3572 1250 3637 sanctii
1278 3573 1354 3634 de
1384 3572 1635 3654 conjuge
1663 3585 1859 3633 natam

362 3682 552 3746 Ferre
583 3681 755 3744 simul
782 3700 1117 3760 nomenque
1148 3699 1318 3739 suum
1364 3697 1654 3759 curasque
1674 3675 1929 3758 jubebit.

2197 511 2322 571 266

2195 1039 2319 1100 265

2198 1571 2323 1628 270

2197 2101 2317 2159 275

2190 2631 2319 2687 280

2192 3156 2319 3212 285

2188 3681 2319 3739 29&
