2622 4207
323 323 408 381 44
936 262 1696 369 METAMonPHosEoN

325 472 427 538 De
456 472 643 537 modo
672 472 868 557 viginti
900 469 1011 557 (tot
1039 464 1196 534 enirn
1226 468 1365 534 ratis
1393 468 1490 532 illa
1517 463 1775 551 ferebat)

326 578 656 644 Resmbam
685 578 864 643 solus.
955 575 1272 652 Pavidum,
1303 573 1683 659 gelidumque
1710 570 1982 635 trementi

326 683 618 769 Corpore,
649 682 866 767 vixque
895 703 1100 745 meum
1129 681 1327 744 firmat
1356 679 1525 756 deus,
1558 684 1597 716 “
1624 675 1887 752 Excute,
1911 676 1947 707 ''
1976 674 2208 752 dicem,

329 799 367 828 ‘⁶
390 788 597 854 Corde
622 802 870 865 metum,
900 787 1205 874 Diamque
1234 786 1438 852 tene-'⁹
1525 785 1780 848 Delatus
1808 783 1868 845 in
1896 780 2074 855 illam,

319 894 615 959 ‚Accensis
644 894 778 971 ariS‚
808 892 1121 958 Baccheia
1149 916 1322 958 sacra
1351 891 1679 978 frequento.
1702 890 1719 920 '
2149 890 2280 946 275

1695 1160 1757 1169 ῃ...-

1102 1379 1382 1444 LIBER
1425 1377 1533 1443 IV.

832 1655 1072 1698 fnum
1119 1655 1204 1697 ET
1249 1641 1530 1698 ‘rmsnns
1575 1654 1765 1698 MORS.

1193 1868 1254 1911 v.
1306 1852 1412 1910 55.

331 1994 627 2076 Pyramus
656 2006 717 2056 et
743 1991 995 2068 Thisbe,
1015 1992 1305 2076 juvenum
1333 1992 1764 2076 pulcherrimus
1795 1992 1954 2065 alter,

336 2100 558 2175 Altera,
591 2120 738 2182 quas
768 2095 985 2160 Oriens
1013 2096 1235 2173 habuit,
1266 2095 1508 2179 praelata
1534 2095 1764 2179 pueIh'S‚

332 2202 659 2286 Contiguus
685 2201 931 2264 tenuere
962 2200 1210 2265 domos:
1254 2199 1355 2262 ubi
1387 2198 1598 2264 dicitur
1629 2200 1804 2264 altam

330 2307 658 2370 Coctilibus
672 2304 858 2368 muris
885 2304 1141 2368 cinxisse
1175 2304 1523 2370 Semiramis
1552 2306 1783 2370 urbem.

328 2411 633 2490 Notitiam,
662 2409 1000 2495 primosque
1030 2410 1250 2494 gradus
1276 2407 1489 2474 vicinia
1517 2407 1657 2475 feeit
1682 2433 1699 2473 ε
2242 2422 2279 2476 5

328 2516 636 2601 Tempore
666 2516 852 2580 crevit
880 2538 1083 2580 amor:
1129 2517 1293 2606 taedae
1327 2537 1562 2603 quoque
1581 2518 1719 2605 jure
1749 2517 2001 2586 coissent
2027 2544 2046 2600 3

331 2623 457 2687 Sed
487 2622 730 2688 vetuere
760 2637 978 2709 patres,
1011 2624 1170 2707 quod
1198 2646 1317 2689 non
1345 2625 1594 2708 potuere
1624 2638 1846 2689 vetare.

417 2727 625 2794 Fissus
653 2742 779 2792 erat
809 2729 968 2791 tenui
998 2727 1166 2804 rima,
1199 2749 1379 2811 quam
1409 2728 1662 2793 duxerat
1688 2732 1849 2808 olim,

324 2835 495 2899 Cum
514 2835 685 2896 fieret
711 2832 905 2915 paries
934 2831 1135 2892 domui
1165 2832 1497 2896 communis
1526 2834 1775 2919 utrique.
2205 2911 2210 2914 ι

330 2939 400 3002 Id
430 2936 633 3000 vitium
662 2934 804 2999 nulli
830 2955 940 3018 per
969 2934 1185 2997 saecula
1211 2934 1386 3019 longa
1413 2951 1697 3019 notatum,
2204 2952 2280 3009 le

335 3042 531 3128 <Quid
559 3061 682 3104 non
710 3038 883 3103 sentit
911 3059 1078 3101 amor
1099 3035 1156 3124 ἓ)
1202 3038 1375 3123 primi
1398 3041 1654 3109 sensistis
1685 3063 1970 3125 amantes,

334 3145 418 3216 Et
445 3147 577 3211 voci
606 3144 826 3211 fecistis
852 3145 984 3210 iter.
1073 3144 1240 3210 Tum
1270 3168 1575 3214 murmure
1600 3172 1786 3235 parvo
1884 3161 1900 3180 *

328 3252 523 3320 Multa
550 3251 711 3337 prius
740 3252 948 3337 questi,
978 3267 1253 3330 statuunt,
1282 3267 1350 3316 ut
1368 3269 1543 3320 nocte
1573 3255 1763 3321 silenti

331 3357 572 3422 Fallere
602 3358 899 3436 custodes,
930 3357 1265 3444 foribusque
1297 3351 1599 3450 exeedere
1626 3376 1871 3430 tentent.

332 3463 615 3548 cumque
646 3461 828 3527 domo
857 3463 1125 3542 exierint,
1155 3464 1313 3530 urbis
1343 3453 1581 3549 quoque
1610 3465 1864 3536 claustra
1890 3472 2217 3561 relinquant
2244 3500 2258 3538 :

330 3566 508 3633 Neve
537 3568 609 3634 sit
635 3567 951 3632 errandum
979 3567 1096 3633 lato
1125 3570 1504 3655 spatiantibus
1531 3591 1691 3651 arvo,
2201 3584 2277 3641 10

329 3673 706 3739 conveniant
735 3672 814 3738 ad
842 3674 1010 3738 busta
1039 3672 1224 3738 Nini:
1266 3675 1604 3770 lateantque
1630 3679 1740 3745 sub
1772 3681 1981 3746 umbrfi
