2622 4207
375 289 492 352 162
1194 271 1599 329 HERomEs.

1058 516 1502 582 EPISTOLA
1546 515 1631 578 X.

1042 708 1330 750 ARIADNE
1375 706 1655 748 THESEO.

379 861 625 936 Minus
655 858 865 933 inveni,
897 855 1074 940 quam
1102 870 1183 932 te,
1215 876 1403 939 genus
1430 875 1606 928 omne
1637 851 1894 915 ferarum
1922 872 1938 911 ε

467 963 712 1028 Credita
740 985 857 1025 non
887 962 1007 1038 ulli,
1040 961 1216 1045 quam
1245 961 1367 1036 tibi,
1397 960 1566 1045 pejus
1597 980 1781 1021 eram.

269 1146 274 1159 ‚
381 1069 535 1146 Quae
565 1070 732 1152 legiS,
763 1089 842 1130 ex
864 1068 982 1144 illo,
1011 1066 1279 1143 Theseu,
1309 1065 1411 1129 tibi
1438 1065 1624 1128 littore
1655 1063 1839 1138 mitto,

467 1174 650 1238 Unde
678 1189 840 1237 tuam
870 1174 995 1237 sine
1025 1194 1122 1236 me
1152 1173 1283 1235 vela
1310 1171 1499 1234 tulere
1529 1183 1738 1233 ratem.

383 1281 454 1345 In
477 1302 594 1363 quo
623 1301 722 1342 me
751 1299 1108 1362 somnusque
1138 1299 1308 1340 meus
1337 1277 1490 1339 male
1522 1275 1794 1359 prodidit,
1825 1287 1886 1337 et
1911 1287 1994 1350 tu,

471 1384 595 1446 Per
623 1383 847 1446 facinus
876 1383 1095 1445 somnis
1121 1383 1388 1444 insidiate
1429 1381 1599 1444 meis.

364 1488 657 1571 .Tempus
687 1501 833 1566 erat,
881 1486 1065 1549 vitr'efi
1094 1508 1210 1570 quo
1237 1485 1493 1571 primum
1520 1499 1676 1549 terra
1700 1484 1909 1570 pruina

476 1593 800 1677 Spargitur,
831 1605 891 1655 et
916 1606 1084 1656 tectae
1115 1591 1322 1655 fronde
1347 1606 1664 1676 queruntur
1687 1615 1846 1656 aves.

393 1699 692 1764 Incertum
720 1699 981 1782 vigilans,
1014 1721 1049 1761 a
1077 1720 1285 1761 somno
1313 1699 1609 1782 languida,
1638 1699 1796 1761 movi

477 1805 725 1869 Thesea
753 1827 1057 1889 pressuras
1087 1805 1445 1888 semisupina
1474 1826 1702 1868 manus.

395 1912 609 1978 Nullus
638 1925 799 1975 erat:
827 1910 1138 1994 referoque
1165 1932 1397 1987 manus,
1425 1910 1752 1994 iterumque
1774 1923 2018 1984 retento,

483 2016 723 2099 Perque
755 2028 946 2077 torum
977 2036 1190 2076 moveo
1218 2015 1494 2077 brachia:
1523 2016 1714 2077 nullus
1743 2030 1885 2078 erat.

397 2121 742 2186 Excussere
773 2133 964 2183 metus
993 2139 1286 2182 somnum.
1379 2117 1713 2182 Conterrita
1741 2141 1917 2203 surgo·
1944 2143 1959 2182 :

483 2225 876 2306 Membraque
907 2236 1041 2285 sunt
1067 2222 1245 2284 viduo
1274 2224 1632 2306 praecipitata
1661 2238 1810 2288 toro.

401 2329 679 2395 Protinus
709 2326 979 2390 adductis
1008 2340 1326 2391 sonuerunt
1352 2340 1595 2411 pectora
1623 2329 1868 2411 palmisz

488 2432 691 2518 thue
722 2446 849 2495 erat
880 2454 914 2495 a
943 2452 1149 2495 somno
1176 2433 1429 2509 turbida,
1458 2447 1625 2517 rapta
1651 2454 1824 2496 coma
1854 2447 1962 2497 est.

402 2541 578 2607 Luna
606 2537 713 2603 fuit
739 2562 755 2601 z
784 2553 1008 2624 specto,
1038 2538 1085 2602 si
1114 2538 1275 2622 quid,
1305 2540 1413 2602 nisi
1443 2538 1650 2616 littora,
1681 2560 1942 2602 cernam.

493 2646 681 2722 Quod
709 2645 1150 2721 videant‘oculi,
1181 2646 1279 2722 nil,
1308 2646 1417 2708 nisi
1446 2646 1620 2722 littus,
1650 2646 1886 2708 habent.

335 2823 338 2828 ,
411 2753 591 2819 Nunc
621 2752 759 2825 huc,
789 2772 946 2813 nunc
976 2750 1131 2826 illuc,
1164 2763 1224 2812 et
1251 2763 1519 2836 utroque,
1551 2750 1674 2812 sine
1704 2750 1927 2826 ordine,
1957 2771 2132 2812 curro
2161 2772 2177 2811 t

494 2856 634 2918 Alta
659 2853 950 2937 puellares
976 2853 1165 2915 tardat
1194 2874 1372 2915 arena
1398 2853 1607 2935 pedes.

408 2961 643 3025 Interea
669 2969 791 3020 toto
819 2956 1093 3018 clamanti
1119 2954 1328 3034 littore,
1360 2963 1377 2992 ‘
1399 2956 1692 3035 Theseu‚'

503 3062 864 3128 Reddebant
891 3081 1108 3124 nomen
1139 3083 1402 3127 concava
1431 3086 1576 3127 saxa
1603 3080 1767 3128 tuum
1794 3089 1810 3126 z

415 3170 503 3235 Et
532 3169 757 3253 quoties
787 3189 900 3250 ego
926 3180 1005 3243 te,
1036 3167 1206 3231 toties
1233 3169 1400 3233 locus
1427 3171 1554 3253 ipse
1583 3172 1852 3234 vocabat.

504 3275 640 3358 Ipse
667 3275 833 3337 locus
854 3273 1079 3337 miserae
1103 3272 1255 3337 ferre
1284 3276 1519 3337 volebat
1545 3297 1743 3358 opem.

423 3379 604 3446 Mons
631 3377 737 3441 fuit
759 3377 788 3457 ς’
807 3393 1089 3463 apparent
1116 3377 1352 3442 frutices
1380 3379 1436 3440 in
1466 3380 1686 3442 vertice
1714 3382 1865 3443 rari:

511 3482 674 3548 Hinc
701 3484 976 3566 scopulus
1003 3483 1196 3545 raucis
1221 3484 1444 3566 pendet
1469 3484 1682 3547 adesus
1705 3486 1887 3569 aquis.
1970 3492 1989 3510 '

431 3589 754 3655 Adscendo
786 3586 965 3670 (vires
994 3587 1219 3650 animus
1249 3588 1474 3671 dabat),
1504 3603 1677 3672 atque
1707 3591 1786 3653 ita
1799 3591 1913 3653 late

515 3692 783 3776 AEquora
809 3704 1120 3773 prospectu
1149 3692 1359 3754 metior
1386 3692 1499 3754 alta
1521 3714 1676 3755 meo,

2258 1806 2331 1863 10

2267 2332 2336 2390 15

2262 2862 2344 2918 20

2270 3389 2352 3446 25
