2622 4207
292 285 343 350 6·
876 281 1636 344 METAMORPHOSEON

292 443 588 529 Quasque
618 446 1055 521 recondiderat,
1089 444 1431 528 Stygiisque
1463 442 1810 505 admoverat
1838 440 2084 518 umbrie,

293 545 678 613 Effodiuntur
706 570 873 633 opes,
902 548 1262 611 irritamenta
1289 547 1605 610 malorum.
2131 548 2251 608 140

290 648 550 735 Jamque
580 673 802 715 nocens
831 650 1077 728 serrum,
1108 649 1386 734 ferroque
1418 649 1727 714 nocentius
1757 669 1967 711 aurum

292 751 687 817 Prodierant:
731 754 927 838 prodit
952 754 1195 831 bellum,
1227 754 1388 838 quod
1417 766 1639 839 pugnat
1665 766 1954 835 utroque3

293 854 753 939 sanguineaque
783 879 962 921 manu
993 857 1339 941 crepitantia
1366 856 1627 920 concutit
1655 876 1841 918 arma.

290 953 521 1020 Vivitur
549 954 865 1043 ex'rapto:
908 981 1026 1023 non
1055 959 1273 1043 hospes
1305 960 1379 1023 ab
1408 958 1637 1042 hospite
1667 971 1846 1033 tutus,

292 1057 436 1121 Non
466 1082 638 1124 socer
669 1083 706 1124 a
735 1084 994 1146 genero:
1039 1061 1285 1126 fratrum
1315 1082 1553 1147 quoque
1584 1061 1769 1145 gratia
1794 1077 1929 1123 rara
1956 1071 2067 1123 est.

289 1159 570 1227 Imminet
599 1165 780 1229 exitio
808 1166 896 1228 vir
925 1165 1210 1250 conjugis,
1242 1166 1341 1229 illa
1369 1165 1598 1228 mariti:
2129 1162 2250 1225 146

289 1263 524 1329 Lurida
550 1268 838 1331 terribiles
866 1269 1118 1331 miscent
1147 1267 1380 1330 aconita
1407 1287 1718 1330 novercae:

288 1365 477 1432 Filius
508 1383 642 1433 ante
674 1370 836 1434 diem
865 1371 1085 1454 patrios
1112 1369 1348 1453 inquirit
1374 1371 1435 1433 in
1466 1391 1668 1433 annos.

287 1467 469 1535 Victa
486 1471 654 1557 jacet
683 1472 888 1537 Pietas
914 1496 930 1535 ε
975 1488 1036 1537 et
1062 1473 1226 1556 virgo
1257 1473 1425 1538 caede
1455 1472 1787 1548 madenteS,

285 1574 512 1642 Ultima
541 1578 872 1657 coelestt‘im,
904 1594 1092 1644 terras
1113 1580 1347 1643 Astraea
1373 1579 1626 1664 reliquit.
2127 1580 2251 1642 150

375 1679 552 1745 Neve
583 1681 735 1745 foret
761 1682 930 1746 terris
959 1682 1222 1746 securior
1252 1682 1474 1746 arduus
1503 1682 1731 1761 aether3

286 1785 622 1851 Affectasse
655 1785 850 1852 serunt
876 1809 1128 1872 regnum
1157 1788 1405 1852 coeleste
1436 1787 1761 1872 Gigantas:

283 1888 544 1973 Altaque
575 1905 888 1974 congestos
918 1890 1198 1954 struxisse
1229 1891 1308 1953 ad
1338 1892 1533 1955 sidera
1562 1904 1815 1956 montes,

283 1988 452 2051 Tum
480 2003 649 2073 pater
678 1992 1050 2072 omnipotens
1079 1992 1260 2052 misso
1289 1990 1572 2073 perfregit
1601 1990 1931 2072 Olympum

285 2094 587 2174 Fulmine,
618 2110 679 2160 et
708 2095 971 2160 excussit
999 2094 1267 2180 subjecto
1297 2093 1472 2158 Pelio
1503 2094 1745 2158 Ossam.
1959 2125 1964 2130 ·
2121 2099 2244 2160 155

283 2200 519 2266 Obruta
546 2201 703 2264 mole
735 2200 844 2264 sua.
868 2199 1011 2262 ’cum
1041 2222 1292 2286 corpora
1323 2200 1452 2263 dira
1468 2201 1744 2285 jacerent
1765 2222 1787 2281 3

284 2305 603 2370 Perfusam
632 2307 817 2369 multo
845 2319 1117 2370 natorum
1147 2305 1429 2390 sanguine
1457 2304 1719 2369 Terram

283 2409 607 2475 Incaluisse
639 2407 854 2486 ferunt,
885 2408 1265 2492 calidumque
1299 2407 1591 2473 animasse
1621 2431 1940 2473 cruorem:

286 2513 391 2592 Et,
422 2537 498 2579 ne
528 2515 689 2592 nulla
717 2514 858 2580 ferae
888 2515 1080 2600 stirpis
1109 2501 1494 2579 monumenta
1522 2531 1850 2594 manerent,

285 2620 357 2684 In
388 2620 601 2686 faciem
632 2623 875 2686 vertisse
898 2622 1225 2686 hominum.
1322 2620 1450 2684 Sed
1479 2637 1540 2685 et
1568 2623 1666 2686 illa
1694 2646 1956 2709 propago
2121 2628 2241 2690 160

290 2723 709 2809 Contemptrix
741 2724 1044 2809 supersim,
1076 2746 1366 2808 saevaeque
1398 2726 1733 2789 avidissima
1761 2729 1960 2806 caediS‚

285 2826 372 2892 Et
398 2829 651 2893 violenta
680 2827 826 2892 suit:
871 2825 1063 2892 scires
1083 2849 1120 2890 e
1149 2828 1433 2912 sanguine
1460 2843 1650 2893 natos·

765 3097 1019 3142 LYcAON
1064 3101 1136 3142 IN
1182 3102 1407 3145 LUPUM
1451 3105 1775 3151 MUTATUS.

1121 3316 1184 3358 v.
1238 3300 1384 3361 163.

368 3438 525 3513 Qu'ae
554 3451 724 3522 pater
752 3451 818 3503 ut
846 3440 1082 3505 summa
1108 3442 1250 3506 vidit
1280 3447 1585 3511 Saturnius
1615 3470 1773 3526 arce,

278 3544 531 3629 Ingemit
553 3565 573 3605 t
620 3558 699 3621 et,
732 3542 890 3608 facto
917 3549 1180 3613 nondum
1208 3551 1443 3635 vulgata
1469 3555 1712 3632 recenti,

280 3649 480 3716 Foeda
506 3648 828 3735 Lycaoniae
858 3650 1122 3720 referens
1151 3656 1418 3721 convivia
1446 3680 1685 3736 mensae,
1817 3697 1826 3704 ·
2108 3667 2229 3730 165
