2622 4207
1086 300 1317 362 LIBER
1340 298 1441 359 VI.
2161 298 2260 365 73,

282 462 536 528 Talibus
566 475 658 527 est
685 462 854 527 dictis
888 460 1126 546 gemina
1152 483 1295 526 cum
1324 462 1491 546 prole
1519 459 1761 522 locuta:

284 577 301 608 ⁸
324 570 425 635 En
455 592 572 655 ego
599 583 794 634 vestra
819 590 1055 653 parens,
1085 569 1252 632 vobis
1280 568 1547 631 animosa
1574 564 1808 641 creatiS,

281 675 368 741 Et
393 677 506 740 nisi
533 674 772 753 Junoni,
801 677 942 739 nulli
970 696 1214 740 cessura
1241 674 1511 750 dearuQ
1627 680 1642 681 ’
1801 704 1808 711 ‹
2161 666 2244 728 60

282 783 379 848 An
409 783 530 848 dea
559 784 690 860 sim,
722 783 953 846 dubitor
986 805 1003 844 ι
1046 803 1270 868 perque
1300 782 1502 845 omnia
1530 780 1745 844 saecula
1772 778 1944 844 cultis

281 889 535 966 Arceor,
565 911 604 953 o
631 890 771 966 nafi,
800 889 908 954 nisi
938 911 1044 953 vos
1072 887 1427 964 succurritis,
1460 886 1594 951 aris.

170 1042 181 1059 .
286 995 428 1060 Nec
462 997 631 1059 dolor
661 997 761 1060 hic
790 997 949 1060 solus
983 1018 999 1058 2
1043 995 1172 1059 diro
1201 994 1473 1057 convicia
1500 993 1656 1056 facto

279 1099 561 1166 Tantalis
582 1102 802 1187 adjecit
827 1124 843 1163 z
885 1120 1113 1184 vosque
1143 1114 1235 1163 est
1261 1113 1618 1184 postponere
1646 1098 1797 1161 natis

280 1207 452 1271 Ausa
482 1208 604 1272 suis
636 1230 653 1269 :
699 1220 762 1271 et
789 1228 890 1270 me
924 1205 1113 1292 (quod
1142 1205 1201 1268 in
1229 1206 1423 1290 ipsam
1453 1202 1706 1289 recidat)
1736 1204 1944 1267 orbam
2162 1204 2243 1266 65

277 1313 494 1394 Dixit3
537 1328 601 1378 et
618 1314 886 1378 exhibuit
911 1312 1173 1396 linguam
1203 1313 1497 1409 scelerata
1519 1309 1872 1396 paternam-⁹

283 1419 615 1505 Adjectura
642 1443 855 1506 preces
885 1432 1013 1486 erat
1041 1420 1131 1505 his
1160 1419 1396 1484 Latona
1423 1419 1661 1483 relatis:

285 1530 304 1563 ‘
321 1525 596 1604 Desine,’
628 1526 901 1591 Phoebus
927 1527 1025 1604 ait,
1054 1534 1075 1564 ⁴
1099 1528 1319 1610 (poenae
1349 1549 1521 1590 mora
1546 1524 1750 1611 longa)
1784 1524 2098 1611 querelas-⁹

285 1630 457 1696 Dixit
484 1633 650 1697 idem
678 1633 914 1697 Phoebe
936 1657 960 1697 τ
1007 1633 1308 1716 celerique
1335 1655 1447 1717 per
1477 1636 1617 1696 aera
1644 1632 1814 1717 lapsu

285 1735 678 1822 Contigerant
701 1739 844 1802 tecti
869 1737 1219 1801 Cadmeida
1245 1739 1501 1801 nubibus
1531 1760 1755 1801 arcem.
2075 1743 2081 1747 ’
2160 1740 2244 1799 ’70
2281 1746 2282 1749 ’

365 1843 602 1906 Planus
632 1856 778 1918 erat,
797 1842 1035 1925 lateque
1059 1854 1268 1924 patens
1295 1863 1484 1924 prope
1515 1842 1736 1904 moenia
1763 1863 2031 1963 campus,

278 1948 579 2020 Adsiduis
604 1949 870 2032 pulsatus
900 1947 1106 2031 equis3
1148 1947 1249 2010 ubi
1275 1948 1448 2010 turba
1474 1961 1755 2026 rotarum,
1823 2012 1829 2017 ,

284 2057 584 2139 Duraque
615 2053 946 2118 mollierant
971 2052 1266 2141 subjectas
1295 2054 1515 2140 ungula
1581 2056 1766 2121 lebas.

283 2163 437 2229 Pars
462 2162 544 2226 ibi
574 2162 652 2225 de
682 2175 911 2247 septem
939 2161 1148 2247 genitis
1176 2077 1766 2247 Amphionessortes

287 2268 718 2334 Conscendunt
744 2268 804 2331 in
829 2290 1038 2354 equOS,
1068 2266 1379 2356 Tyrioque
1407 2271 1675 2336 rubentia
1704 2269 1844 2337 fisco
2156 2279 2238 2338 ’75

286 2373 494 2459 Terga
519 2362 795 2460 premunt
817 2398 837 2455 3
881 2395 1146 2459 auroque
1177 2398 1388 2459 graves
1414 2379 1801 2443 moderantur
1826 2381 2112 2450 habenas.

287 2478 346 2544 E
377 2481 588 2565 quibus
614 2480 905 2557 Ismenos,
937 2482 1037 2565 qui
1064 2481 1235 2543 matri
1264 2483 1495 2546 sarcina
1522 2471 1825 2567 quondam

286 2585 492 2651 Prima
522 2609 641 2651 suae
672 2584 886 2662 fuerat,
917 2586 1062 2648 dum
1091 2598 1320 2648 certum
1350 2586 1534 2651 flectit
1559 2589 1619 2649 in
1647 2591 1857 2653 orbem

285 2692 732 2778 Quadrupedes
761 2714 988 2769 cursus,
1020 2692 1469 2777 spumantiaque
1497 2715 1603 2757 ora
1631 2697 1913 2779 coercet3

286 2806 303 2840 ⁸
328 2798 454 2863 Hei
483 2799 665 2863 mihi.
651 2801 663 2841 ¹
688 2799 704 2830 ’
750 2800 1128 2879 conclamat3
1172 2800 1537 2885 medioque
1519 2824 1579 2865 m
1608 2817 1851 2887 pectore
1881 2804 2066 2873 fixus
2155 2811 2242 2874 80

280 2904 443 2969 Tela
470 2906 638 2991 gerit,
668 2904 976 2991 fraenisque
1006 2929 1185 2970 manu
1215 2908 1502 2973 moriente
1530 2911 1789 2976 remissis
1880 2975 1890 2984 ,

264 3011 351 3075 xIn
379 3013 533 3076 latus
563 3034 600 3074 a
629 3012 840 3076 dextro
869 3014 1155 3097 paulatim
1184 3014 1391 3080 defluit
1420 3039 1606 3082 armo.

283 3116 628 3195 Proximus,
660 3120 859 3183 audito
888 3120 1077 3213 sonitu
1104 3142 1215 3206 per
1241 3122 1417 3186 inane
1445 3125 1754 3208 pharetrae,

280 3219 498 3288 Fraena
527 3225 707 3289 dabat
736 3218 974 3310 Sipylus
997 3250 1017 3291 ς
1060 3227 1240 3291 veluti
1270 3229 1411 3291 cum
1439 3232 1719 3312 praescius
1745 3233 1946 3300 imbris

276 3328 459 3396 Nube
490 3330 638 3416 fugit
656 3330 800 3409 visa,
822 3323 1266 3418 ,pendentiaque
1292 3335 1556 3419 undique
1584 3350 1780 3401 rector
1927 3401 1930 3402 γ
2145 3346 2229 3411 85
2373 3321 2377 3325 ⁵

279 3435 554 3501 Carbasa
583 3438 844 3516 deducit,
872 3462 949 3503 ne
980 3440 1271 3524 qualevis
1300 3441 1505 3504 effluat
1531 3465 1695 3507 aura.

274 3540 489 3608 Fraena
518 3543 716 3609 dabat.
804 3546 1070 3610 Dantem
1099 3569 1215 3612 non
1247 3546 1517 3612 evitabile
1544 3551 1729 3615 telum

271 3646 712 3735 Consequitur.
757 3651 1109 3737 summaque
1137 3666 1399 3717 tremens
1428 3655 1659 3721 cervice
1690 3660 1899 3744 sagitta

274 3752 501 3836 Haesit3
545 3771 607 3821 et
635 3758 906 3822 exstabat
930 3757 1158 3822 nudum
1189 3758 1266 3821 de
1296 3772 1527 3843 gutture
1555 3760 1799 3826 serrum.

807 3865 847 3922 7
