2622 4207
412 327 532 383 142
1012 302 1762 370 METAMORPHOSEON
2146 340 2179 373 ,

403 474 486 535 Et
514 494 708 535 rerum
737 493 961 547 causaS,
991 485 1049 532 et
1077 469 1214 552 quid
1242 482 1465 541 natura,
1496 466 1784 530 docebat:

403 577 568 650 Quid
600 579 743 640 deus
768 601 786 656 3
830 577 983 638 unde
1012 576 1171 636 nives
1196 596 1214 651 3
1260 594 1387 656 quae
1418 570 1668 632 fulminis
1697 581 1850 630 esset
1876 566 2077 648 origo'3
2278 567 2352 627 io

400 681 647 766 Jupiter,
680 705 751 744 an
781 681 955 755 venti,
988 677 1254 740 discussa
1281 679 1439 738 nube
1469 687 1737 737 tonarent
1761 695 1780 750 3

402 786 568 859 Quid
600 799 864 868 quateret
891 798 1075 846 terras
1101 806 1119 862 3
1165 781 1283 864 qua
1313 781 1506 843 sidera
1533 781 1666 861 lege
1687 789 1956 839 mearent
1973 797 1993 853 3

400 891 481 953 Et
513 891 905 973 quodcunque
934 891 1094 951 latet.
1184 886 1538 968 Primusque
1571 882 1840 946 animalia
1869 879 2100 942 mensis»

399 996 609 1077 Arguit
638 996 854 1077 imponi
884 1017 898 1055 :
942 995 1163 1078 primus
1194 1014 1426 1076 quoque
1457 991 1667 1052 talibus
1695 1010 1801 1049 ora

400 1099 599 1162 Docta
631 1099 870 1182 quidem
903 1100 1086 1173 solvit,
1118 1099 1224 1160 sed
1253 1119 1370 1159 non
1400 1109 1460 1156 et
1496 1093 1738 1167 credita,
1769 1090 1959 1153 verbis
1992 1112 2008 1150 ε
2277 1093 2358 1148 15-

404 1212 420 1241 ‘
444 1204 700 1279 Parcite,
732 1205 1029 1280 mortaleS,
1062 1204 1309 1286 dapibus
1338 1215 1630 1262 temerare
1659 1195 1926 1258 nefandis

404 1309 691 1391 Corpora.
786 1309 936 1370 Sunt
964 1307 1180 1390 fruges,
1212 1319 1345 1368 sunt
1375 1303 1727 1365 deducentia
1756 1321 1953 1363 ramos

399 1412 679 1475 Pondere
710 1434 888 1494 poma
919 1434 1044 1486 suc,
1076 1411 1428 1491 tumidaeque
1459 1409 1516 1469 in
1545 1407 1754 1468 vitibus
1785 1427 1951 1466 uvae:

405 1515 556 1577 Sunt
583 1517 780 1577 herbae
816 1516 1020 1577 dulces
1046 1538 1061 1576 ε
1107 1529 1259 1590 sunt,
1279 1535 1416 1603 ‘quae
1448 1512 1760 1574 mitescere
1791 1502 2073 1581 flamma,

399 1618 731 1702 Mollirique
763 1635 997 1703 queant.
1089 1619 1223 1682 Nec
1254 1618 1419 1680 vobis
1447 1618 1672 1679 lacteus
1710 1617 1921 1676 humor
2265 1615 2353 1672 20

397 1721 678 1807 Eripitur‚
708 1747 820 1787 nec
851 1726 1026 1787 mella
1053 1725 1237 1807 thymi
1266 1722 1591 1786 redolentia
1611 1720 1838 1782 florem.

397 1825 663 1910 Prodiga
694 1829 941 1905 divitias,
968 1830 1356 1911 alimentaque
1386 1826 1546 1888 mitia
1590 1825 1759 1887 tellus

403 1929 679 2014 Suggerit
704 1956 720 1993 ε
765 1947 940 2016 atque
973 1935 1176 2017 epulas
1206 1934 1329 1995 sine
1359 1933 1523 1994 caede
1555 1943 1616 1992 et
1644 1927 1921 2011 sanguine
1950 1926 2195 2010 praebet.

402 2032 602 2097 Carne
634 2035 768 2097 serae
801 2038 1008 2099 sedant
1025 2038 1250 2121 jejunia
1277 2058 1293 2096 τ
1337 2057 1447 2097 nec
1479 2049 1679 2096 tamen
1707 2054 1935 2095 omnes.

401 2137 642 2221 Quippe
674 2162 878 2221 equus,
910 2156 968 2203 et
994 2142 1280 2224 pecudes,
1314 2151 1694 2220 armentaque
1726 2138 1987 2220 gramine
2018 2137 2238 2200 vivunt.
2268 2138 2347 2201 25

400 2243 483 2302 At
513 2242 719 2322 quibus
748 2244 1044 2324 ingenium
1076 2255 1165 2305 est
1191 2243 1788 2324 immansuetumque,
1819 2240 2156 2324 ferumque,

404 2344 813 2426 Armeniaeque
843 2346 1038 2427 tigres,
1069 2345 1451 2427 iracundique
1480 2344 1709 2420 leoneS,

398 2444 677 2530 Cumque
707 2449 857 2532 lupis
890 2451 1024 2527 ursi,
1056 2452 1301 2534 dapibus
1332 2473 1471 2513 curn
1501 2449 1780 2533 sanguine
1817 2450 2097 2533 gaudent.

400 2548 540 2614 Heu
574 2568 852 2636 quantum
882 2556 1075 2619 scelus
1106 2571 1215 2634 est,
1245 2557 1303 2618 in
1333 2557 1564 2619 viscera
1589 2556 1816 2619 viscera
1848 2556 2044 2631 condi,

397 2656 818 2743 Congestoque
849 2661 1086 2724 avidum
1115 2663 1501 2745 pinguescere
1532 2682 1779 2743 corpore
1810 2681 2022 2743 corpus
2047 2682 2066 2737 3
2270 2666 2347 2723 30

396 2761 769 2844 Alteriusque
801 2766 1156 2825 animantem
1188 2765 1491 2826 animantis
1521 2765 1714 2825 vivere
1744 2764 1861 2825 leto
1888 2765 1902 2825 ἔ

400 2862 642 2926 Scilicet
671 2865 729 2925 in
759 2866 927 2926 tantis
956 2866 1184 2948 opibus,
1217 2887 1362 2948 quas
1392 2868 1613 2949 optima
1641 2880 1896 2929 matrum

393 2964 587 3027 Terra
616 2967 784 3048 parit,
814 2967 893 3028 nil
920 2982 978 3029 te
1008 2969 1111 3030 nisi
1142 2969 1320 3031 tristia
1350 2971 1632 3033 mandere
1664 2993 1817 3035 saevo

392 3067 656 3132 Vulnera
685 3072 859 3133 dente
879 3072 1065 3157 juvat,
1095 3074 1352 3158 ritusque
1383 3075 1604 3140 referre
1636 3077 2017 3162 Cyclopum?
2076 3064 2089 3072 ⁶

396 3173 555 3250 Nec,
585 3176 693 3238 nisi
722 3175 1049 3260 perdideris
1080 3180 1275 3256 alium,
1305 3181 1544 3263 placare
1575 3184 1821 3259 voracis,
2264 3189 2342 3247 35

394 3276 478 3341 Et
507 3280 660 3341 male
691 3283 897 3345 morati
929 3285 1145 3367 poteris
1164 3285 1392 3369 jejunia
1421 3287 1636 3348 ventris
1660 3286 1686 3347 ?

486 3384 568 3445 At
594 3399 758 3448 vetus
786 3388 877 3449 illa
908 3403 1062 3464 aetas,
1092 3390 1188 3451 cui
1216 3388 1461 3452 fecimus
1488 3390 1690 3453 Aurea
1721 3413 1956 3467 nomen,

400 3484 668 3552 Foetibus
696 3492 967 3568 arboreiS,
999 3508 1075 3569 et,
1105 3516 1248 3577 quas
1275 3496 1487 3558 humus
1517 3496 1748 3571 educat,
1777 3497 1972 3559 herbis

398 3590 717 3656 Fortunata
744 3594 846 3657 fuit
870 3619 885 3656 ε
928 3620 1039 3659 nec
1067 3599 1266 3680 polluit
1292 3621 1395 3661 ora
1433 3620 1660 3661 cruore.

398 3694 577 3761 Tunc
602 3711 660 3761 et
688 3720 825 3763 aves
853 3713 985 3763 tutae
1016 3702 1255 3765 movere
1287 3724 1394 3786 per
1425 3706 1564 3770 aera
1584 3685 1808 3787 pennas
1832 3727 1850 3783 3
2263 3713 2344 3771 40
