2622 4207
402 280 429 336 1
447 274 522 336 16
1029 262 1785 325 METAMORPHOSEON

391 428 738 512 Litteraque
769 427 996 491 intravit
1015 425 1305 510 Pagasaea
1335 425 1572 489 Colcha
1601 426 1821 489 carina.

390 533 621 596 AEacus
642 534 788 596 huic
818 547 981 617 pater
1009 545 1098 594 est
1123 554 1139 593 z
1185 532 1283 615 qui
1295 531 1433 617 jura
1464 531 1761 594 silentibus
1790 529 1909 593 illic

388 637 637 714 Reddit,
668 638 767 700 ubi
796 637 1073 700 AEoliden
1104 658 1320 699 saxum
1348 657 1526 721 grave
1553 635 1849 720 Sisyphon
1878 652 2070 719 urget.

388 744 622 806 AEacon
655 742 914 827 agnoscit
943 764 1227 820 summm,
1259 743 1609 826 prolemque
1639 739 1855 804 fatetur

384 849 613 933 Jupiter
643 870 775 911 esse
806 870 997 911 suam.
1091 848 1193 910 Sic
1213 848 1298 911 'ab
1329 846 1480 910 Jove
1508 848 1710 910 tertius
1740 847 1920 933 Ajax.

386 950 524 1013 Nec
547 964 748 1013 tamen
775 950 903 1013 haec
936 950 1118 1014 series
1148 950 1206 1012 in
1236 948 1423 1012 causa
1450 949 1656 1033 prosit,
1701 949 1952 1029 Achivi3

391 1056 457 1119 Si
480 1056 621 1119 mihi
651 1078 790 1120 cum
820 1078 1036 1139 magno
1066 1078 1184 1118 non
1215 1071 1305 1119 est
1334 1054 1662 1118 communis
1692 1054 1949 1116 Achille.

390 1160 605 1226 Frater
634 1176 760 1225 erat
789 1185 809 1241 3
854 1160 1106 1225 fraterna
1135 1175 1297 1244 peto.
1390 1159 1558 1235 Quid
1587 1158 1866 1242 sanguine
1896 1172 2094 1223 cretus

392 1266 1025 1351 Sisyphio,-furtisque‚
1057 1280 1117 1328 et
1143 1265 1353 1328 fraude
1385 1265 1708 1327 simillimus
1737 1264 1835 1341 illi,

387 1370 599 1433 Inserit
625 1370 894 1432 AEacidis
925 1371 1125 1432 alienae
1154 1370 1395 1431 nomina
1424 1367 1664 1452 gentis?

474 1476 572 1537 An
603 1474 762 1559 quod
791 1474 850 1536 in
881 1495 1046 1537 arma
1072 1474 1251 1558 prior,
1275 1474 1550 1558 nulloque
1581 1475 1691 1536 sub
1721 1473 1916 1537 indice
1945 1475 2102 1550 veni,

384 1581 575 1642 Arma
602 1579 875 1662 neganda
903 1577 1092 1642 mihi?
1138 1579 1445 1662 potiorque
1489 1579 1784 1642 videbitur
1811 1580 1928 1657 ille,

384 1683 612 1753 Ultima
641 1685 737 1769 qui
767 1684 945 1769 cepit,
986 1684 1449 1769 detrectavitque
1479 1684 1675 1749 surore

384 1790 657 1854 Militiam
686 1791 826 1854 ficto
853 1813 869 1852 t
915 1790 1107 1854 donec
1138 1791 1403 1853 solertior
1429 1792 1559 1868 istc,

390 1896 518 1960 Sed
548 1898 654 1960 sibi
685 1897 953 1972 inutilior,
984 1897 1169 1959 timidi
1209 1912 1548 1960 commenta
1578 1897 1793 1961 retexit

387 2002 756 2084 Naupliades
788 2001 983 2075 animi,
1015 2002 1309 2082 vitataque
1341 2002 1520 2062 traxit
1547 2003 1604 2062 in
1637 2001 1851 2081 arma?

387 2106 632 2188 Optima
658 2127 815 2167 nunc
839 2118 1050 2179 sumat,
1083 2103 1179 2185 qui
1216 2125 1451 2165 sumere
1480 2106 1664 2167 noluit
1693 2106 1805 2166 ulla
1835 2127 1851 2165 ε

386 2209 517 2273 Nos
547 2209 892 2282 inhonorati,
922 2220 983 2268 et
1011 2208 1179 2268 donis
1207 2207 1568 2289 patruelibus
1596 2208 1743 2284 orbi,

386 2313 724 2376 Obtulimus
754 2312 852 2396 qui
881 2332 989 2374 nos
1021 2311 1095 2373 ad
1126 2311 1316 2395 prima
1349 2312 1630 2395 pericula,
1662 2312 1864 2375 simus,

382 2420 581 2504 Atque
610 2418 833 2481 utinam
863 2430 964 2480 aut
988 2438 1165 2480 verus
1194 2415 1355 2480 sutor
1387 2417 1505 2494 ille,
1537 2431 1637 2480 aut
1664 2418 1939 2495 credituS,
1963 2433 2122 2484 esset
2152 2446 2174 2503 3

382 2526 522 2590 Nec
551 2543 756 2589 comes
784 2525 881 2587 hic
911 2523 1205 2608 Phrygias
1234 2543 1494 2607 unquam
1514 2525 1769 2588 venisset
1798 2525 1874 2587 ad
1906 2546 2076 2589 arces

375 2632 660 2698 Hortator
689 2631 1017 2695 scelerum!
1064 2630 1205 2694 Non
1239 2645 1320 2707 te,
1350 2629 1624 2695 Poeantia
1653 2633 1867 2715 proleS,

383 2740 750 2823 Expositum·
772 2737 1039 2799 Lemnos
1068 2750 1270 2798 nostro
1295 2720 1434 2799 cum
1465 2738 1710 2800 crimine
1741 2733 2006 2801 haberet.

382 2845 509 2918 Qui
537 2863 694 2905 nunc
725 2840 817 2923 (ut
845 2837 1201 2922 memorant)
1235 2839 1589 2903 silvestribus
1618 2841 1849 2906 abditus
1879 2843 2053 2908 antris

382 2950 549 3012 Saxa
576 2966 781 3036 moves
810 2943 1050 3025 gemitu,
1071 2939 1532 3028 Laertiadaeque
1564 2949 1842 3030 precaris,

379 3053 536 3128 Quae
566 3050 817 3114 meruit:
862 3071 990 3133 quae
1025 3046 1102 3133 (si
1132 3048 1192 3112 di
1221 3048 1381 3135 sunt)
1413 3072 1531 3115 non
1558 3073 1710 3118 vana
1756 3056 2033 3139 preceris.

381 3159 469 3225 Et
495 3179 652 3221 nunc
679 3157 775 3219 ille
807 3157 1022 3220 eadem
1052 3156 1219 3219 nobis
1238 3157 1469 3242 juratus
1498 3159 1556 3220 in
1588 3181 1771 3237 arma,

384 3264 559 3350 (Heu
585 3261 631 3349 ἱ)
679 3285 815 3347 pars
843 3284 960 3325 una
991 3262 1233 3339 ducum,
1265 3284 1382 3346 quo
1412 3284 1755 3329 successore
1788 3268 2004 3350 sagittae

380 3368 661 3434 Herculis
690 3381 944 3445 utuntur,
976 3368 1193 3431 fractus
1221 3369 1545 3452 morboque
1584 3368 1884 3454 fameque,

377 3475 741 3558 Velaturque
773 3474 1057 3557 aliturque
1093 3474 1294 3538 avibus
1319 3496 1338 3553 ;
1383 3475 1768 3559 volucresque
1792 3479 2047 3561 petendo

377 3582 598 3646 Debita
622 3578 897 3662 Trojanis
927 3594 1172 3642 exercet
1199 3580 1424 3663 spicula
1452 3580 1601 3644 fatis,

375 3686 481 3749 Ille
511 3700 709 3750 tamen
736 3682 892 3758 vivit,
923 3683 1058 3767 quia
1092 3706 1207 3747 non
1240 3684 1539 3750 comitavit
1565 3684 1866 3771 Ulyssem.

2266 534 2351 597 25

2269 1061 2351 1118 30

2264 1546 2387 1642 35¹

2262 2113 2340 2170 40

2258 2639 2336 2698 45

2255 3166 2336 3224 50

2251 3695 2330 3755 55
