2622 4207
428 292 459 348 1
473 289 551 349 10
919 314 925 318 ·
1028 277 1785 338 METAMORPHosEoN

422 438 646 503 Verba.
739 437 866 502 Sed
893 439 992 502 hic
1021 439 1175 502 solos
1202 438 1471 501 homines
1499 438 1772 500 imitatur.
1862 435 1947 498 At
1974 437 2122 500 alter
2252 442 2376 501 275

422 542 525 609 Fit
554 544 698 622 fera,
728 545 794 607 fit
821 544 1091 620 volucriS,
1122 544 1187 606 fit
1212 544 1389 626 longo
1419 564 1669 626 corpore
1700 562 1966 626 serpens·

420 649 604 715 Hunc
633 650 834 713 Icelon
865 649 1081 733 superi,
1112 649 1361 711 mortale
1391 645 1736 711 Phobetora
1755 647 1966 730 vulgus

418 756 723 819 Nominat.
814 753 927 817 Est
962 755 1141 817 etiam
1172 754 1416 816 diversae
1445 752 1649 816 tertius
1680 751 1815 815 artis

418 861 767 925 Phantasos.
858 860 965 923 Ille
993 861 1053 923 in
1099 859 1368 934 humum,
1399 866 1753 942 saxumque,
1783 850 2146 943 undamque,
2175 872 2295 923 tra-

589 966 869 1051 bemque,

412 1068 689 1156 Quaeque
719 1084 935 1134 vacant
963 1069 1181 1146 anima,
1213 1067 1458 1132 feliciter
1487 1069 1686 1132 omnia
1712 1069 1933 1132 transit.
2251 1073 2376 1132 280

414 1174 686 1260 Regibus
715 1177 795 1253 hi,
829 1176 1198 1258 ducibusque
1229 1196 1367 1237 suos
1394 1162 1709 1238 ostendere
1739 1175 1931 1236 vulnis

413 1281 613 1344 Nocte
645 1280 832 1343 solent
864 1302 880 1340 z
924 1281 1174 1363 populos
1206 1279 1298 1340 alii
1328 1279 1684 1362 plebemque
1715 1292 2037 1362 pererrant.

412 1383 683 1446 Praeterit
710 1383 819 1446 hos
849 1384 1085 1445 senior.
1130 1383 1476 1466 cunctisque
1507 1404 1542 1445 e
1573 1381 1844 1446 fratribus
1873 1404 2055 1446 unum

412 1487 729 1572 Morphea,
763 1485 860 1570 qui
890 1501 1135 1570 peragat
1162 1485 1640 1550 Thaumantidos
1669 1488 1849 1564 edita,
1882 1487 2141 1602 Somnus

410 1590 631 1676 Eligit·
675 1607 736 1655 et
761 1613 961 1654 rursus
990 1592 1150 1654 molli
1179 1592 1461 1675 languore
1492 1593 1746 1656 solutum
2246 1597 2368 1657 285

406 1697 822 1782 Deposuitque
851 1710 1049 1781 caput,
1081 1709 1379 1781 stratoque
1408 1698 1741 1761 recondidit
1769 1698 1904 1761 alto,

493 1802 602 1867 Ille
622 1805 800 1881 volat,
830 1804 1022 1866 nullos
1052 1803 1328 1887 strepitus
1359 1801 1708 1867 facientibus
1737 1802 1861 1879 alis,

409 1907 533 1972 Per
561 1911 838 1972 tenebras
861 1932 877 1970 ε
921 1909 1189 1991 intraque
1220 1930 1402 1971 morae
1433 1908 1614 1971 breve
1643 1922 1879 1992 tempus
1906 1908 1966 1970 in
1994 1908 2203 1971 urbem

407 2011 691 2074 Pervenit
719 2010 1096 2073 Haemoniam
1124 2033 1140 2070 ε
1186 2012 1505 2093 positisque
1537 2034 1573 2074 e
1602 2007 1855 2094 corpore
1880 2013 2091 2095 pennis

405 2115 477 2177 In
506 2115 719 2177 faciem
753 2114 978 2196 Geycis
1005 2115 1127 2176 abit
1153 2136 1169 2173 t
1213 2113 1521 2197 formaque
1551 2116 1659 2177 sub
1692 2115 1790 2177 ill-a
2249 2125 2368 2185 290

404 2218 686 2293 LuriduS‚
719 2218 1005 2300 exsangui
1033 2217 1253 2293 similis,
1284 2217 1409 2280 sine
1438 2219 1695 2283 vestibus
1723 2220 1870 2296 ullis,

404 2322 691 2408 Conjugis
723 2335 855 2384 ante
885 2335 1081 2385 torum
1110 2322 1338 2386 miserae
1370 2324 1544 2387 stetit.
1634 2323 1779 2387 Uda
1811 2325 2040 2388 ridetur

404 2427 612 2492 Barba
640 2428 766 2504 viri,
796 2428 1168 2513 madidisque
1199 2430 1390 2512 gravis
1419 2428 1606 2493 fluere
1636 2431 1796 2494 unda
1823 2431 2066 2515 capillis.

403 2532 757 2597 Turn‘lecto
784 2533 1154 2611 incumbens,
1184 2533 1328 2599 fletu
1357 2557 1536 2620 super
1562 2558 1668 2600 ora
1697 2536 1913 2615 refuso,

407 2639 563 2705 Haec
594 2641 672 2705 ait
698 2663 714 2703 z
761 2647 779 2678 ‘
802 2641 1096 2725 Agnoscis
1126 2639 1359 2725 Cie‘yca,
1389 2643 1719 2707 miserrima
1747 2644 2016 2730 conjux?
2241 2653 2361 2714 295

405 2746 507 2808 An
535 2767 674 2808 mea
702 2758 926 2807 mutata
955 2758 1049 2807 est
1076 2744 1260 2808 facies
1280 2746 1481 2808 nece?
1527 2748 1792 2831 Respice
1816 2772 1836 2829 3
1880 2772 2091 2815 nosces
2118 2776 2134 2814 ε

405 2848 797 2931 Inveniesque
826 2861 929 2909 tuo
957 2869 1065 2930 pro
1093 2849 1349 2931 conjuge
1385 2850 1650 2934 conjugis
1681 2855 1973 2919 umbram.

407 2951 514 3015 Nil
542 2953 692 3034 opi3‚
717 2949 1053 3032 Halcyone,
1084 2951 1251 3016 nobis
1279 2966 1383 3016 tua
1409 2968 1546 3018 vota
1577 2959 1851 3021 tulerunt.

407 3055 797 3120 Occidimus:
843 3054 1000 3119 falsae
1030 3056 1131 3120 tibi
1160 3080 1260 3121 me
1288 3061 1631 3143 promittere
1660 3065 1798 3128 noli.

406 3160 663 3225 Nubilus
690 3161 904 3245 AEgaeo
934 3162 1246 3247 deprendit
1272 3165 1332 3227 in
1362 3188 1610 3249 aequore,
1628 3170 1825 3232 navim
2240 3183 2364 3241 300

405 3267 645 3344 Auster,
673 3281 735 3330 et
761 3267 979 3351 ingenti
998 3267 1288 3354 jactatam
1316 3269 1555 3335 flamine
1587 3274 1793 3337 solvit:

404 3369 652 3455 Oraque
683 3385 900 3448 nostra,
929 3385 1096 3435 tuum
1125 3372 1338 3437 frustra
1366 3376 1680 3442 clamantia
1706 3402 1943 3460 nomen,

397 3474 726 3560 Implerunt
752 3475 984 3540 fluctus.
1076 3478 1218 3542 Non
1245 3481 1375 3543 haec
1404 3482 1504 3544 tibi
1533 3484 1757 3547 nuntiat
1786 3502 1989 3551 auctor

400 3581 735 3664 Ambiguus
763 3603 780 3642 ε
824 3602 944 3643 non
972 3582 1083 3646 ista
1109 3585 1273 3667 vagis
1300 3588 1633 3652 rumoribus
1663 3592 1830 3660 audis
1853 3616 1868 3654 ε

400 3686 540 3772 Ipse
571 3708 685 3770 ego
716 3684 834 3750 fata
859 3687 961 3750 tibi
990 3708 1257 3770 praesens
1284 3712 1424 3757 mea
1451 3685 1768 3779 naufragus
1797 3698 1935 3761 edo.
2238 3710 2359 3767 305
2401 3723 2406 3728 ·
