2622 4207
378 339 497 400 120
976 289 1732 372 METAMORPHOSEON

370 483 722 557 Dummodo
753 477 910 565 quod
941 473 1147 537 fratres
1174 465 1472 529 Telamon
1500 454 1843 532 Peleusque
1874 442 2128 516 suerunt,

372 597 577 682 Ajacis
605 589 877 654 meritum
905 601 1021 643 non
1052 576 1159 639 sit:
1202 588 1318 634 nec
1349 560 1642 646 sanguinis
1670 554 1837 628 ordo,

377 702 505 765 Sed
532 695 754 760 virtutis
781 692 965 753 honos
995 679 1191 766 spoliis
1220 684 1507 759 quaeratur
1538 667 1597 728 in
1626 661 1767 725 istis·

381 809 498 872 Aut
526 804 573 865 si
601 793 945 884 proximitas
973 787 1316 873 primusque
1346 772 1652 858 requiritur
1681 767 1913 840 haeres3

372 912 487 975 Est
515 906 736 990 genitor
764 899 1009 969 Peleus,
1040 904 1131 954 est
1156 884 1424 970 Pyrrhus
1461 877 1614 940 filius
1642 872 1739 934 illi.

375 1014 530 1089 Quis
558 1013 725 1074 locus
754 999 972 1089 Ajaci?
1019 993 1306 1063 Phthiam
1336 988 1643 1068 Scyronve
1673 975 1951 1039 ferantur.

375 1120 526 1184 Nec
544 1114 735 1180 minus
766 1123 856 1173 est
881 1108 991 1169 isto
1018 1101 1266 1164 Teucer
1294 1089 1571 1178 patruelis
1600 1080 1835 1147 Achilli.

377 1225 544 1292 Num
572 1219 719 1305 petit
746 1215 843 1278 ille
862 1200 1072 1275 ‘tamen
1104 1205 1130 1267 ἓ
1174 1222 1318 1265 num
1349 1207 1565 1281 sperat,
1596 1203 1662 1252 ut
1689 1183 1917 1250 auferat
1938 1175 2151 1244 arma?

460 1329 627 1410 Ergo
656 1341 905 1406 operum
935 1311 1211 1399 quoniam
1231 1304 1460 1368 nudum
1489 1309 1791 1361 certamen
1817 1289 2065 1351 habetur
2089 1305 2109 1362 ;

374 1435 559 1499 Plura
590 1429 829 1514 quidem
859 1420 997 1494 feci,
1030 1415 1204 1500 quam
1238 1431 1366 1494 quae
1399 1399 1830 1486 comprendere
1862 1391 2029 1456 dictis

369 1541 440 1604 ln
469 1547 743 1621 promptu
771 1527 914 1591 mihi
943 1524 1051 1588 sit:
1094 1538 1293 1582 rerum
1321 1528 1523 1576 tamen
1556 1505 1762 1570 ordine
1793 1501 1996 1562 ducar.

375 1642 637 1708 Praescia
664 1634 892 1700 venturi
922 1626 1168 1714 genitrix
1203 1621 1267 1686 N
1269 1619 1428 1683 ereia
1459 1615 1559 1679 leti

374 1745 723 1816 Dissimulat
749 1740 908 1803 cultu
929 1748 1154 1798 natum.
1244 1725 1593 1807 Deceperat
1620 1737 1846 1790 omneS‚

377 1857 447 1920 In
478 1852 686 1938 quibus
718 1847 992 1932 Ajacem,
1023 1849 1266 1921 sumptae
1298 1829 1533 1894 fallacia
1558 1824 1758 1888 vestis.

375 1963 566 2024 Arma
594 1977 707 2038 ego
743 1949 1054 2021 soemineiS‚
1086 1943 1345 2005 animum
1379 1948 1610 1999 motura
1649 1927 1933 2011 virilem„

354 2061 685 2129 *Mercibus
713 2053 950 2119 inserui.
1042 2048 1261 2128 Neque
1293 2041 1488 2103 adhuc
1518 2034 1853 2119 projecerat
1878 2028 2055 2090 heros

370 2167 682 2248 Virgineos
709 2159 961 2230 habitus,
989 2152 1130 2214 cum
1157 2165 1425 2230 parmam
1454 2143 1801 2217 hastamque
1831 2132 2071 2206 tenenti,

371 2280 411 2311 ‘⁶
437 2270 595 2333 Nate
627 2262 801 2337 dea?
833 2259 975 2332 dixi,
1007 2262 1044 2292 “
1067 2252 1172 2315 tibi
1200 2272 1263 2313 se
1294 2246 1552 2331 peritura
1579 2252 1881 2304 reservant

373 2375 694 2455 Pergama.
785 2362 953 2437 Quid
985 2356 1216 2421 dubitas
1249 2354 1547 2435 ingentem
1588 2356 1850 2408 evertere
1879 2340 2130 2425 Trojam
2152 2340 2185 2403 ,Ρ
2205 2340 2241 2372 ”

369 2477 674 2565 Injecique
714 2489 976 2544 manum,
1007 2463 1338 2543 fortemque
1370 2455 1445 2518 ad
1475 2452 1645 2517 fortia
1671 2448 1824 2511 misi.
2208 2450 2329 2507 170

372 2585 541 2669 Ergo
562 2601 745 2666 opera
771 2576 923 2640 illius
949 2591 1089 2635 mea
1118 2580 1270 2631 sunt.
1360 2563 1496 2645 Ego
1525 2556 1844 2639 Telephon
1870 2550 2040 2616 hasta

368 2689 746 2778 Pugnantem
777 2678 977 2745 domui
1004 2700 1020 2739 ε
1062 2676 1282 2739 victum
1310 2682 1694 2748 orantemque
1731 2659 1938 2725 refeci.

463 2789 651 2867 Quod
678 2774 1240 2852 Thebae'ceciderffi
1270 2794 1474 2837 meum
1506 2784 1636 2849 est3
1680 2789 1780 2829 me
1810 2764 2035 2828 credite
2059 2761 2326 2837 Lesbon,

371 2899 480 2964 Me
510 2892 830 2965 Tenedon,
872 2887 1288 2968 Chrysenque,
1319 2891 1379 2939 et
1418 2875 1652 2958 Cyllan,
1681 2871 1969 2955 Apollinis
1996 2869 2193 2943 urbes,

374 3003 460 3068 Et
490 3000 685 3082 Syron
714 2993 944 3075 cepisse
971 3010 987 3068 ς
1030 2985 1170 3048 mea
1191 2991 1488 3047 'concussa
1521 2992 1722 3064 putate
2200 2976 2277 3033 17
2283 2975 2321 3033 5

368 3101 764 3171 Procubuisse
795 3096 920 3160 solo
949 3092 1240 3176 Lyrnesia
1265 3088 1487 3151 moenia
1515 3084 1744 3150 dextra.
2290 3049 2293 3050 ⁷

368 3211 571 3294 thue
603 3206 744 3269 alias
771 3218 1004 3267 taceam
1028 3222 1046 3279 3
1093 3197 1190 3281 qui
1221 3216 1440 3259 saevum
1469 3193 1722 3275 perdere
1752 3202 1950 3273 posset

369 3314 659 3388 Hectora,
689 3330 905 3392 nempe
936 3304 1076 3369 dedi
1104 3324 1121 3364 z
1163 3322 1272 3386 per
1299 3321 1398 3360 me
1418 3298 1585 3382 jacet
1612 3295 1862 3377 inclytus
1907 3291 2155 3357 Hector.

365 3419 485 3483 mis
512 3419 639 3480 haec
672 3415 865 3489 armiS,
897 3412 1105 3495 quibus
1135 3421 1224 3469 est
1250 3407 1516 3467 inventus
1546 3400 1826 3475 Achilles,

367 3526 558 3589 Arma
587 3532 726 3606 peto
751 3540 769 3580 z
811 3518 943 3579 vivo
972 3515 1276 3587 dederam,
1308 3523 1440 3593 post
1468 3506 1589 3570 fata
1618 3527 1887 3589 reposco·
2091 3562 2098 3572 ,
2199 3506 2320 3565 180

453 3628 542 3691 Ut
570 3625 737 3688 dolor
764 3622 933 3683 unius
962 3616 1207 3681 Danaos
1235 3613 1500 3699 pervenit
1528 3612 1604 3675 ad
1633 3632 1859 3687 omnes,

367 3733 700 3816 Aulidaque
732 3723 1069 3790 Euboicam
1107 3720 1476 3803 complerunt
1507 3717 1665 3779 mille
1695 3716 1949 3794 carinae3

2209 861 2329 919 155

2208 1387 2327 1446 160

2204 1918 2321 1978 165
