2622 4207
313 289 393 353 56
892 280 1652 340 Mermoarnosnon

311 440 555 508 Arduus
583 443 642 505 in
669 442 860 506 nubes
888 442 1045 505 abiit.
1136 440 1223 504 Ut
1248 442 1309 503 in
1350 461 1584 525 aequore
1616 458 1850 503 summo

311 548 545 612 Umbra
573 548 677 610 viri
707 548 830 610 visa
857 561 965 624 est,
995 547 1180 610 visam
1210 545 1341 610 fera·
1367 547 1528 609 saevit
1555 545 1614 607 in
1644 544 1938 607 umbram.

313 653 518 738 thue
546 651 711 715 Jovis
738 673 987 735 praepeS,
1016 673 1210 714 vacuo
1238 652 1379 714 cum
1410 651 1555 713 vidit
1581 650 1640 712 in
1671 669 1812 712 arvo
2139 651 2273 710 350

311 758 688 823 Praebentem
720 755 945 818 Phaebo
973 755 1212 818 liventia
1237 769 1404 839 terga
1435 756 1779 829 draconem,

314 863 592 945 Occupat
622 882 895 923 aversum
922 883 937 922 z
980 883 1097 924 neu
1129 883 1284 924 saeva
1313 873 1654 944 retorqueat
1680 879 1804 934 ora,

315 966 721 1050 squamigeris
752 967 954 1031 avidos
983 968 1105 1051 figit
1134 967 1465 1031 cervicibus
1493 987 1721 1049 ungues
1747 987 1763 1026 ε

315 1071 419 1134 Sic
449 1072 630 1135 celeri
658 1072 862 1134 fissum
893 1094 1125 1157 praepes
1151 1094 1261 1157 per
1282 1073 1458 1135 inane
1485 1072 1685 1135 volatu

309 1176 520 1260 Terga
547 1176 685 1240 serae
716 1179 961 1262 pressit:
1007 1178 1339 1262 dextroque
1370 1176 1673 1240 frementis
1693 1177 1753 1239 in
1783 1196 1948 1240 armo
2138 1178 2267 1239 355

312 1283 629 1346 Inachides
657 1281 877 1345 sermm
907 1304 1090 1346 curvo
1116 1297 1291 1346 tenus
1323 1282 1546 1346 abdidit
1573 1282 1772 1345 hamo.

312 1385 579 1449 Vulnere
610 1387 747 1450 laesa
775 1387 955 1469 gravi,
986 1386 1168 1449 modo
1190 1408 1255 1449 se
1285 1386 1549 1450 sublimis
1576 1386 1635 1448 in
1666 1409 1841 1450 auras

310 1491 573 1554 Attollit:
619 1491 800 1554 modo
829 1492 1025 1555 subdit
1052 1493 1218 1576 aquis
1243 1515 1261 1553 t
1303 1492 1487 1556 modo
1515 1515 1684 1556 more
1715 1492 1928 1558 ferocis

313 1593 532 1659 Versat
553 1596 697 1680 apri,
727 1618 906 1680 quem
936 1599 1107 1661 turba
1135 1619 1354 1661 canum
1381 1599 1757 1662 circumsona
1783 1613 1984 1664 terret.

313 1700 421 1767 Ille
453 1702 656 1766 avidos
677 1724 907 1767 morsus
936 1703 1238 1767 velocibus
1266 1704 1471 1788 effugit
1499 1705 1641 1768 alis:
2136 1707 2266 1767 360

317 1806 580 1894 Quaque
609 1823 831 1893 patent,
861 1830 1018 1873 nunc
1046 1823 1209 1894 terga
1241 1810 1402 1874 cavis
1432 1832 1610 1895 super
1636 1810 1828 1874 obsita
1854 1810 2117 1886 conchiS,

298 1904 498 1979 Nunc
526 1915 776 1978 laterum
806 1929 1021 1991 costas,
1049 1939 1208 1979 nunc
1238 1915 1360 2000 qua
1386 1917 1728 1981 tenuissima
1756 1917 1952 1981 cauda

315 2017 552 2082 Desinit
571 2018 632 2079 in
659 2019 906 2102 piscem,
937 2018 1152 2082 falcato
1181 2021 1449 2082 vulnerat
1477 2041 1640 2083 ense.

316 2122 535 2188 Bellua
561 2123 838 2206 poeniceo
865 2123 1068 2185 mistos
1097 2143 1237 2185 cum
1265 2124 1547 2205 sanguine
1575 2123 1790 2187 fluctus

315 2226 444 2290 Ore
470 2226 671 2289 vomit.
763 2224 1057 2288 Maduere
1087 2247 1297 2309 graves
1328 2217 1678 2311 adspergine
1707 2249 1935 2313 pennae.
2144 2237 2274 2298 365

313 2331 453 2397 Nec
480 2329 691 2393 bibulis
717 2329 869 2392 ultra
895 2327 1157 2393 Perseus
1184 2330 1462 2395 talaribus
1490 2354 1668 2398 ausus

315 2436 589 2501 Credere
615 2458 634 2515 3
664 2436 975 2521 conspexit
1002 2437 1355 2521 scopulum:
1400 2439 1501 2522 qui
1527 2440 1750 2505 vertice
1779 2461 2013 2507 summo

314 2541 614 2607 Stantibus
643 2541 767 2605 exit
794 2541 960 2625 aquis
983 2565 1003 2622 3
1045 2543 1306 2628 operitur
1336 2544 1412 2608 ab
1441 2565 1676 2630 aequore
1706 2561 1888 2613 moto.

315 2646 516 2714 Nixus
544 2669 641 2727 eo,
670 2648 949 2733 rupisque
977 2662 1185 2713 tenens
1201 2649 1353 2735 juga
1378 2651 1570 2733 prima
1591 2652 1836 2729 sinisti-fi,

315 2753 448 2817 Ter
476 2768 681 2838 quater
708 2754 911 2834 exegit
936 2754 1184 2836 repetita
1209 2775 1319 2838 per
1346 2756 1444 2817 ilia
1472 2755 1715 2819 ferrum.
2137 2766 2265 2827 370

404 2856 633 2920 Littera
662 2876 801 2918 cum
831 2857 1038 2937 plausu
1066 2857 1292 2919 clamor
1321 2879 1682 2945 superasque
1714 2864 1963 2929 deorum

311 2960 647 3044 Implevere
677 2960 905 3022 domos.
998 2957 1297 3039 Gaudent,
1328 2984 1732 3052 generumque
1764 2969 2029 3048 salutant,

314 3064 760 3148 Auxiliumque,
791 3061 1004 3132 domus
1033 3080 1509 3155 servatoremque
1538 3070 1794 3140 fatentur

317 3169 632 3255 Cassiope,
663 3166 1067 3255 Cepheusque
1096 3186 1285 3257 pater.
1378 3174 1671 3242 Resoluta
1698 3181 1922 3246 catenis

315 3275 548 3340 Incedit
573 3275 755 3360 virgo,
777 3277 1151 3362 pretiumque
1179 3292 1241 3343 et
1267 3301 1452 3344 causa
1478 3282 1713 3348 laboris.
2136 3292 2265 3353 375
2292 3359 2298 3364 ,

310 3383 349 3404 ”’
405 3379 523 3445 Dis
548 3380 733 3445 tribus
759 3381 858 3446 ille
884 3378 1053 3448 socos
1078 3384 1326 3448 totidem
1357 3386 1434 3449 de
1464 3390 1687 3473 cespite
1715 3391 1920 3475 ponit3

316 3485 567 3553 Laevum
589 3483 912 3563 Mercurio,
942 3487 1222 3552 dextrum
1249 3490 1372 3566 tibi,
1402 3488 1615 3555 bellica
1640 3494 1808 3578 virgo
1830 3517 1851 3576 3

317 3590 445 3654 Ara
470 3586 634 3652 Jovis
661 3587 862 3651 media
890 3603 999 3652 est.
1090 3590 1388 3657 Mactatur
1415 3614 1604 3658 vacca
1629 3593 1935 3676 Minervae,

319 3694 558 3785 Alipedi
586 3692 841 3772 vindus3
883 3707 1084 3762 taurus
1109 3696 1233 3774 tibi,
1259 3719 1496 3765 summe
1520 3700 1789 3776 deorum.
