2622 4207
409 280 528 341 1⁷8
1158 266 1339 338 NUX,
1364 270 1663 327 ELEGIA.
1692 330 1697 334 ⁴

400 432 484 493 At
511 431 711 507 rubus»,
743 444 803 494 et
831 444 1026 494 sentes
1052 427 1458 495 tantummodo
1486 427 1703 491 laedere
1742 440 1912 501 nam,
1952 441 1959 445 “
2260 427 2351 486 95

489 535 793 621 Spinaque
821 535 1081 599 vindicta
1105 547 1321 597 caetera
1348 547 1472 596 tuta
1500 533 1611 597 sua
1648 547 1755 596 est.
2230 542 2235 546 ’

406 640 534 718 Me,
567 643 702 726 quia
727 663 841 705 nee
869 663 1079 716 noceo,
1108 660 1224 703 neo
1252 641 1499 703 obuncis
1526 640 1790 702 vindicor
1818 637 2034 712 hamis,

494 746 679 810 Missa
705 759 909 829 petunt
936 745 1109 808 avida
1136 767 1284 809 saxa
1310 759 1583 829 proterva
1611 765 1814 806 manu.

407 849 593 926 Quid,
625 851 671 914 si
699 872 817 912 non
847 864 1012 933 aptas
1040 851 1229 914 solem
1256 849 1609 934 fugientibus
1638 849 1897 922 umbi-218,

494 953 763 1018 Finditur
791 955 984 1018 Icario
1010 956 1151 1018 cum
1181 977 1332 1019 cane
1360 970 1537 1031 terra,
1554 951 1822 1018 darem?
2230 954 2350 1013 100

406 1058 593 1135 Quid,
622 1061 730 1123 nisi
760 1060 1073 1143 suffugium
1102 1061 1333 1123 nimbos
1359 1060 1669 1125 vitantibus
1696 1078 1891 1121 essem
1916 1079 1936 1135 ;

381 1210 384 1211 ν
493 1163 635 1227 Non
666 1166 1015 1249 exspectati
1041 1166 1180 1229 cum
1209 1167 1368 1228 venit
1386 1165 1586 1232 „imber
1614 1160 1814 1245 aqua?

406 1268 627 1332 Omnia
654 1269 793 1332 oum
823 1269 1059 1346 faciam,
1090 1271 1229 1332 cum
1258 1283 1531 1354 praestem
1560 1269 1764 1332 sedula
1793 1267 2018 1332 cunctis

493 1373 796 1448 Officium,
826 1375 983 1436 saxis
1010 1375 1273 1436 officiosa
1301 1388 1492 1457 petor.

408 1474 560 1538 Haec
588 1477 732 1538 mihi
761 1499 1076 1561 perpessae,
1107 1478 1328 1541 domini
1356 1478 1633 1562 patienda
1663 1477 1906 1561 querela
1931 1489 2044 1538 est.
2233 1477 2345 1536 105

494 1579 699 1643 Causa
727 1581 973 1659 habeor,
1003 1603 1184 1666 quare
1215 1585 1287 1647 sit
1313 1584 1614 1668 lapidosus
1643 1605 1807 1667 ager.

407 1684 691 1771 Dumque
722 1701 998 1772 repurgat
1024 1689 1292 1766 humum,
1323 1691 1690 1773 collectaque
1720 1710 1866 1753 saxa
1891 1686 2153 1762 remittit,

496 1791 753 1876 Semper
781 1793 1001 1856 habent
1027 1795 1088 1856 in
1115 1816 1216 1857 me
1244 1795 1363 1858 tela
1390 1809 1596 1878 parata
1621 1796 1752 1856 vioe.

407 1894 576 1980 Ergo
606 1898 788 1961 invisa
813 1882 961 1975 aliis,
992 1901 1092 1962 uni
1120 1900 1262 1964 mihi
1293 1899 1508 1983 frigora
1536 1912 1777 1983 prosunt
1803 1920 1820 1959 ε

492 2001 601 2063 Illo
628 2023 730 2064 me
758 2016 944 2067 tutam
973 2017 1243 2086 tempore
1271 2017 1506 2086 praestat
1543 2004 1757 2067 hiems.
2237 2005 2352 2064 110

405 2103 592 2168 Nuda
621 2108 862 2190 quidem
891 2122 1030 2171 tuno
1061 2130 1193 2172 sum
1219 2131 1239 2188 3
1281 2110 1506 2173 nudam
1535 2124 1736 2173 tamen
1765 2108 2012 2193 expedit
2039 2128 2177 2173 esse
2204 2129 2221 2171 ε
2344 2100 2353 2103 “

493 2209 558 2272 N
560 2232 632 2271 ec
663 2212 912 2294 spolium
942 2213 1020 2274 de
1050 2234 1171 2288 me,
1203 2214 1361 2297 quod
1390 2228 1572 2298 petat,
1602 2216 1784 2279 hostis
1811 2216 2012 2279 habet.

404 2314 488 2376 At
517 2314 689 2376 simul
718 2315 1012 2378 induimus
1040 2318 1251 2381 nostris
1278 2331 1388 2381 sua
1415 2339 1664 2382 munera
1691 2320 1872 2383 ramis
1895 2343 1916 2398 ;

497 2418 661 2481 Saxa
689 2441 873 2483 novos
902 2421 1126 2486 fructus
1156 2423 1441 2507 grandine
1469 2425 1638 2507 plura
1667 2438 1893 2507 petunt.

407 2521 678 2588 Forsitan
708 2524 809 2612 liic
839 2527 1045 2612 aliquis
1075 2529 1250 2605 dicat,
1284 2535 1301 2566 ‘
1320 2526 1475 2603 Quae
1506 2530 1740 2614 publica
1771 2543 2033 2615 tangunt,
2236 2535 2350 2593 115

496 2629 767 2716 Carpere
796 2654 1150 2699 concessum
1178 2651 1304 2700 est:
1349 2637 1466 2700 hoe
1496 2636 1588 2699 via
1606 2636 1755 2721 juris
1782 2636 2008 2700 habet.'

411 2734 477 2798 Si
506 2736 644 2799 licet
670 2738 830 2816 hoc;
876 2741 1040 2803 oleas
1069 2741 1427 2824 distringite=
1470 2741 1679 2805 caedite
1707 2745 1955 2808 messes.

492 2839 791 2923 Improbe,
820 2844 1079 2906 vicinum
1108 2865 1310 2929 carpe,
1342 2846 1545 2922 viator,
1575 2847 1725 2909 olus.

406 2944 589 3007 Intret
618 2960 678 3007 et
705 2947 959 3009 urbanas
989 2948 1204 3009 eadem
1232 2948 1549 3031 petulantia
1577 2965 1818 3035 portas;

495 3048 704 3133 Sitque
733 3051 846 3113 tuis
874 3035 1074 3128 muriS,
1106 3051 1390 3131 Romule,
1411 3054 1557 3140 juris
1586 3056 1768 3119 idem.
2239 3061 2355 3120 120

408 3153 674 3226 Quilibet
702 3171 1006 3240 argentum
1030 3158 1228 3241 primae
1261 3160 1338 3222 de
1369 3159 1557 3224 fronte
1585 3163 1839 3225 tabernae

493 3259 697 3325 Tollat
722 3285 737 3323 ε
784 3277 843 3325 et
873 3263 948 3326 ad
979 3284 1245 3347 gemmas
1275 3265 1515 3347 quilibet
1545 3267 1690 3329 alter
1719 3281 1834 3331 eat.

406 3363 657 3429 Auferat
685 3369 780 3430 hie
812 3391 1038 3447 aurum,
1067 3371 1412 3453 peregrinos
1441 3371 1536 3433 ille
1566 3372 1790 3455 lapillos
1820 3396 1839 3451 3

496 3469 580 3533 Et
608 3493 985 3557 quascunque
1010 3488 1203 3557 potest
1231 3472 1492 3559 tangere,
1524 3477 1684 3539 tollat
1711 3499 1879 3561 opes.

413 3579 537 3642 Sed
568 3600 763 3662 neque
791 3579 1102 3641 tolluntur:
1148 3603 1283 3657 nec,
1316 3582 1459 3643 dum
1489 3582 1637 3664 regit
1666 3585 1864 3647 omnia
1894 3583 2121 3658 Caesar,
2232 3587 2352 3646 125

498 3683 834 3758 IncolumiS‚
863 3696 1021 3744 tanto
1050 3684 1322 3766 praeside,
1352 3698 1547 3767 raptor
1579 3687 1705 3748 erit.
