2622 4207
412 269 532 327 146
952 256 1709 334 METAMORPHosEON

401 417 539 482 Nec
569 440 675 502 par
705 431 804 481 aut
834 418 1045 480 eadem
1076 431 1377 479 nocturnae
1410 415 1599 478 forma
1626 416 1836 497 Dianae

400 523 557 587 Esse
587 537 779 608 potest
807 545 1066 608 unquam
1095 546 1110 584 ε
1157 544 1512 606 semperque
1543 524 1828 586 hodierna
1857 536 2165 605 sequente,

402 629 469 692 Si
498 630 730 705 crescit,
763 629 950 691 minor
980 642 1068 690 est
1091 650 1110 706 3
1140 628 1349 712 major,
1381 630 1427 691 si
1458 629 1747 691 contrahit
1776 629 2005 690 orbem.

483 734 650 807 Quid
675 734 701 796 ?
733 756 849 796 non
877 735 935 795 in
960 733 1195 816 species
1226 734 1556 796 succedere
1589 748 1837 816 quatuor
1867 724 2083 795 annum
2230 739 2348 796 140

393 839 688 921 Adspicis,
720 838 901 901 aetatis
929 852 1316 922 peragentem
1348 839 1667 901 imitamina
1709 838 1960 901 nostrae?

393 943 557 1008 Nam
585 956 773 1018 tener,
805 958 865 1005 et
892 943 1138 1020 lactens,
1162 944 1451 1027 puerique
1482 944 1805 1006 simillimus
1836 965 1960 1005 aevo

392 1054 551 1111 Vere
582 1070 736 1111 novo
768 1063 878 1111 est.
969 1047 1149 1111 Tunc
1178 1049 1364 1112 herba
1393 1048 1600 1124 nitens,
1633 1063 1693 1110 et
1719 1049 1941 1111 roboris
1970 1069 2189 1132 expers

387 1153 639 1238 Turget,
665 1169 725 1217 et
753 1153 998 1216 insolida
1032 1169 1139 1230 est,
1172 1169 1230 1217 et
1260 1177 1365 1237 spe
1399 1154 1656 1217 delectat
1686 1168 2000 1236 agrestem.

388 1259 610 1322 Omnia
640 1274 764 1320 tum
795 1259 1005 1323 florent
1029 1282 1047 1337 3
1077 1259 1408 1342 florumque
1443 1260 1734 1321 coloribus
1773 1259 1961 1320 almus
2224 1264 2342 1320 145

386 1363 575 1426 Ridet
606 1384 745 1444 ager
773 1385 788 1422 ε
818 1384 1013 1445 neque
1046 1365 1240 1425 adhuc
1270 1365 1450 1425 virtus
1480 1364 1535 1424 in
1567 1362 1869 1426 frondibus
1901 1364 2014 1425 ulla
2061 1378 2170 1426 est.

384 1465 625 1529 Transit
654 1466 710 1527 in
739 1466 1053 1541 AEstatem,
1085 1481 1218 1549 post
1245 1466 1391 1543 Ver,
1424 1468 1714 1530 robustior
1743 1469 1955 1531 Annus
1982 1490 1997 1529 ε
2032 1548 2037 1553 ⁴
2062 1484 2069 1489 ·

385 1570 603 1654 Fitque
636 1572 834 1633 valens
853 1571 1123 1656 juvenis:
1154 1576 1350 1654 neque
1382 1573 1538 1634 enim
1585 1573 1871 1635 robustior
1904 1587 2042 1635 aetas

382 1676 543 1754 Ulla,
573 1698 686 1740 nec
717 1676 969 1753 uberior,
999 1699 1134 1753 nec,
1167 1699 1294 1760 quae
1329 1677 1516 1760 magis
1546 1691 1768 1753 aestuet,
1809 1677 1926 1739 ulla
1955 1692 2064 1739 est.

383 1781 629 1866 Excipit
658 1783 1014 1858 AutumnuS,
1045 1783 1236 1865 posito
1273 1781 1503 1846 fervore
1525 1783 1780 1867 juventae
2222 1790 2339 1845 150

382 1887 674 1963 MaturuS,
705 1888 998 1971 mitisque,
1030 1888 1179 1950 inter
1212 1888 1620 1972 juvenemque
1652 1910 1976 1971 senemque

382 1993 711 2076 Temperie
743 1993 992 2066 mediuS,
1025 1993 1237 2074 sparsis
1267 2014 1372 2074 per
1404 2008 1674 2074 tempora
1705 1995 1886 2056 canis.

380 2097 530 2161 Inde
559 2096 753 2159 senilis
786 2093 999 2157 Hiems
1030 2095 1281 2157 tremulo
1313 2096 1469 2157 venit
1497 2097 1734 2159 horrida
1760 2122 1979 2182 passu3

380 2202 505 2265 Aut
534 2200 773 2281 spoliata
806 2221 963 2274 suOS,
996 2212 1113 2273 aut,
1146 2220 1292 2281 quos
1323 2199 1520 2274 habet,
1553 2202 1685 2262 alba
1729 2204 1992 2285 capillos,

381 2304 599 2369 Nostra
633 2323 867 2386 quoque
896 2302 1157 2385 ipsorum
1190 2324 1446 2386 semper,
1467 2305 1788 2388 requieque
1812 2308 1934 2368 sine
1979 2311 2119 2387 ulla,
2217 2316 2334 2373 155

383 2400 656 2493 Corpora
678 2421 975 2471 vertuntur
1003 2430 1018 2469 ε
1047 2430 1182 2483 nec,
1213 2411 1368 2492 quod
1397 2407 1707 2487 fuimusve,
1737 2433 2034 2489 sumusve,
2104 2395 2109 2400 ”

383 2513 538 2578 Cras
568 2515 805 2577 erimus.
895 2512 1094 2577 Jacuit
1121 2515 1314 2597 primo
1343 2515 1467 2577 sine
1499 2515 1711 2578 viribus
1740 2516 1927 2580 infans
1956 2541 1970 2579 ε

381 2621 534 2686 Mox
565 2623 920 2705 quadrupes,
951 2621 1180 2703 rituque
1211 2622 1338 2683 tulit
1385 2644 1491 2684 sua
1521 2624 1789 2685 membra
1819 2621 2075 2687 serarum
2103 2648 2119 2685 z

380 2726 794 2807 Paulatimque
823 2738 1103 2799 tremene„
1134 2739 1193 2785 et
1221 2726 1483 2786 nondum
1513 2729 1732 2809 poplite
1778 2729 1947 2791 firmo

385 2829 682 2903 Constitit,
718 2828 928 2911 adjutis
958 2827 1152 2908 aliquo
1183 2829 1492 2890 conamine
1566 2832 1741 2894 erviS.
2083 2885 2101 2908 ,
2211 2842 2333 2900 160

379 2934 531 2996 Inde
560 2934 762 2993 valens
791 2931 1085 3011 veloxque
1118 2929 1225 2991 fuit
1252 2951 1267 2988 ε
1296 2933 1664 3017 spatiumque
1683 2936 1940 3021 juventae

377 3036 659 3099 Transit:
692 3048 769 3109 et,
800 3034 1055 3098 emensis
1084 3035 1262 3098 medii
1296 3058 1535 3121 quoque
1562 3045 1842 3126 temporis
1874 3047 2063 3122 anniS,

367 3142 627 3216 <Labitur
656 3141 917 3203 occiduae
949 3161 1056 3223 per
1084 3141 1192 3204 iter
1224 3142 1449 3205 declive
1495 3163 1767 3210 senectae.

382 3247 622 3310 Subruit
650 3247 777 3309 haec
808 3248 910 3319 aevi
941 3247 1367 3331 demoliturque
1398 3250 1601 3333 prioris

376 3352 624 3415 Robora
650 3373 665 3411 z
695 3351 911 3433 fletque
942 3351 1129 3414 Milon
1159 3354 1371 3429 senior,
1402 3355 1541 3416 cum
1569 3373 1795 3440 spectat
1823 3362 2026 3425 inanes
2082 3439 2083 3442 Ἴ
2205 3371 2326 3428 165

374 3456 530 3532 Illos,
562 3455 660 3539 qui
690 3454 919 3518 fuerant
942 3457 1264 3534 solidorum
1292 3459 1448 3520 mole
1480 3474 1739 3538 tororum
1784 3530 1787 3534 Δ
1866 3507 1879 3547 3

375 3560 688 3624 Herculeis
719 3559 955 3636 simileS‚
985 3560 1196 3624 fluidos
1225 3563 1491 3646 pendere
1521 3566 1793 3630 lacertos,

375 3665 513 3729 Flet
542 3686 797 3749 quoque,
828 3664 977 3727 utin
1009 3667 1254 3748 speculo
1281 3688 1458 3750 rugas
1502 3671 1775 3753 adspexit
1803 3674 2001 3756 aniles,
