2622 4207
1044 279 1276 337 LIBER
1313 281 1466 337 xm.
2122 286 2240 344 133

284 441 569 518 Latravit‚
599 454 809 503 conata
837 439 1016 522 loqui.
1107 437 1311 503 Locus
1341 453 1554 514 exstat,
1585 454 1646 501 et
1680 459 1758 501 ex
1786 460 1852 501 re

284 548 526 612 Nomen
557 549 770 609 habet:
814 560 1197 629 veterumque
1229 545 1329 608 diu
1352 567 1584 609 memor
1612 546 1710 607 illa
1738 544 2046 619 malorum,

284 650 451 714 Tum
483 674 722 736 quoque
750 652 1040 715 Sithonios
1071 652 1309 714 ululavit
1337 665 1548 714 moesta
1577 673 1684 736 per
1715 671 1905 734 agros.

277 755 439 818 Illius
468 756 778 840 Troasque
810 779 964 833 suos,
994 758 1309 841 hostesque
1340 756 1647 839 Pelasgos,
2111 757 2233 816 565

278 859 443 923 Illius
473 861 700 925 fortuna
730 864 874 927 deos
905 886 1140 947 quoque
1179 877 1446 926 moverat
1474 883 1679 926 omnes
1704 885 1721 925 ε

283 964 390 1027 Sic
419 989 644 1043 omnes,
677 982 741 1030 ut
771 984 830 1031 et
858 970 985 1051 ipsa
1012 967 1177 1030 Jovis
1204 969 1542 1051 conjuxque
1580 989 1857 1051 sororque

278 1068 547 1135 Eventus
579 1072 903 1136 Hecubam
932 1074 1218 1135 meruisse
1248 1072 1549 1154 negaverit
1575 1071 1720 1135 illos.

611 1345 938 1386 MEMNONIS
987 1347 1264 1388 CINERES
1311 1348 1383 1389 IN
1428 1347 1587 1388 AVES
1633 1346 1899 1388 MUTATI.

1111 1518 1173 1557 v.
1223 1501 1305 1558 57
1307 1498 1373 1559 6.

353 1619 495 1682 Non
524 1635 697 1683 vacat
727 1623 990 1696 Aurorae,
1014 1643 1350 1704 quanquam
1378 1621 1573 1684 'isdem
1602 1621 1828 1685 faverat
1858 1623 2055 1699 armis,

270 1724 581 1800 Cladibus,
614 1739 673 1785 et
701 1746 842 1785 casu
870 1725 1190 1807 Trojaeque
1232 1724 1622 1808 Hecubaeque
1652 1729 1898 1790 moveri.
2105 1733 2230 1790 570

262 1828 433 1892 Cura
462 1829 639 1889 deam
670 1828 925 1910 propior,
945 1828 1255 1909 luctusque
1287 1828 1645 1892 domesticus
1674 1831 1831 1912 angit

260 1932 608 1995 Memnonis
640 1931 855 2006 amissi,
889 1930 1158 2014 Phrygiis
1191 1953 1369 2015 quem
1402 1934 1557 1996 lutea
1587 1935 1812 2019 campis

263 2037 429 2100 Vidit
458 2036 732 2099 Achillea
759 2051 1104 2121 pereuntem
1136 2038 1382 2121 cuspide
1412 2052 1620 2102 mater.

259 2142 423 2207 Vidit
434 2166 453 2222 3
501 2159 560 2205 et
587 2144 683 2205 ille
715 2144 895 2219 color,
929 2166 1045 2226 quo
1075 2145 1706 2216 matutinaxrubescunt

259 2246 587 2330 Tempora,
617 2249 902 2329 palluerat
927 2271 942 2308 :
988 2249 1269 2332 latuitque
1300 2250 1359 2311 in
1391 2251 1638 2317 nubibus
1668 2254 1866 2319 aether.
2090 2264 2212 2323 575

338 2351 422 2412 At
449 2374 565 2413 non
597 2352 893 2434 impositos
925 2355 1218 2436 supremis
1248 2355 1477 2436 ignibus
1501 2371 1657 2421 artus

256 2455 538 2517 Sustinuit
567 2470 832 2539 spectare
855 2479 1068 2538 parens
1095 2480 1110 2517 t
1156 2458 1264 2519 sed
1294 2459 1455 2520 crine
1489 2461 1698 2536 soluto,

253 2558 421 2621 Sicut
452 2573 595 2634 erat,
628 2560 824 2640 magni
854 2561 1098 2640 genibus
1127 2561 1522 2641 procumbere
1553 2585 1669 2625 non
1700 2580 1789 2628 est

250 2663 588 2745 Dedignata
614 2662 798 2738 Jovis,
830 2663 1219 2746 lacrymisque
1252 2664 1360 2726 has
1391 2665 1611 2734 addere
1643 2690 1821 2733 voces
1847 2695 1863 2733 ε

247 2774 262 2803 ‘
286 2768 578 2829 Omnibus
598 2765 851 2844 inferior,
885 2789 1030 2850 quas
1060 2769 1300 2831 sustinet
1330 2747 1540 2834 aureus
1571 2775 1769 2853 aether,
2081 2787 2205 2848 580

252 2870 441 2954 (Nam
472 2872 613 2932 mihi
643 2886 774 2933 sunt
802 2886 986 2935 totum
1013 2874 1307 2937 rarissima
1337 2879 1555 2961 templa
1582 2903 1691 2963 per
1719 2884 1954 2972 orbem)

244 2974 404 3037 Diva
432 2989 630 3037 tamen
658 2977 829 3038 venio
855 3000 871 3038 ε
914 3000 1031 3040 non
1062 2994 1126 3041 ut
1154 2980 1419 3058 delubra,
1453 2985 1697 3069 diesque

243 3079 373 3142 Des
405 3079 545 3140 mihi
578 3078 890 3157 sacrificos,
921 3083 1307 3166 caliturasque
1337 3087 1564 3168 ignibus
1594 3112 1744 3154 aras.

246 3184 309 3245 Si
339 3199 541 3245 tamen
573 3185 880 3267 adspiciaS,
914 3188 1191 3269 quantum
1223 3189 1324 3250 tibi
1354 3189 1594 3254 soemina
1622 3212 1910 3276 praestem,

237 3287 399 3350 Tum
430 3288 569 3351 cum
593 3289 725 3350 luce
755 3290 908 3351 nova
934 3293 1119 3354 noctis
1157 3294 1408 3355 confinia
1440 3318 1627 3372 servo,
2056 3317 2179 3378 585

235 3391 491 3453 Praemia
522 3393 717 3455 danda
762 3409 951 3478 putes.
1046 3397 1172 3459 Sed
1220 3420 1338 3459 non
1389 3420 1462 3460 ea
1501 3420 1683 3482 cura3
1725 3428 1918 3493 neque
1964 3415 2061 3480 hic
2091 3435 2179 3484 est

229 3495 407 3559 Nunc
437 3511 619 3559 status
648 3498 913 3574 Aurorae,
943 3500 1179 3563 meritos
1209 3516 1273 3563 ut
1299 3516 1505 3584 poscat
1532 3505 1801 3573 honores.

163 3600 168 3605 ’
225 3597 562 3663 Memnonis
590 3603 734 3663 orba
755 3604 872 3664 mei
903 3604 1074 3667 venio
1100 3627 1115 3664 ε
1162 3606 1258 3687 qui
1297 3604 1464 3669 fortia
1494 3606 1703 3674 frustra

222 3701 340 3767 Pro
368 3721 579 3789 patruo
608 3705 733 3768 tulit
745 3727 926 3852 ¹azrtna
953 3730 1099 3785 su03
1139 3708 1458 3794 primisque
1493 3714 1600 3776 sub
1632 3720 1794 3779 annis
