2622 4207
1045 310 1280 371 ma
1316 316 1414 371 X1.
2106 317 2235 404 ¹111

278 479 493 562 Surge,
526 498 678 560 age:
722 477 799 538 da
826 475 1165 557 lacrymas3
1208 472 1595 556 lugubriaque
1625 469 1843 534 indue:
1889 488 2004 533 nec
2033 488 2132 531 me

274 583 717 666 Indeploratum
748 583 855 644 sub
885 581 1080 644 inania
1106 580 1365 643 Tartara
1393 578 1602 642 mitte-⁹

274 689 497 772 Adjicit
525 688 615 751 his
645 709 860 750 vocem
889 686 1221 770 Morpheus
1246 709 1265 765 ;
1310 707 1491 770 quam
1520 683 1787 769 conjugis
1815 681 1913 744 illa

273 793 571 858 Crederet
599 816 730 858 esse
759 793 868 856 sui.
961 791 1169 856 Fletus
1200 813 1438 876 quoque
1469 789 1718 853 fundere
1750 808 1928 850 veros

277 897 452 963 Visus
482 914 647 965 erat:
690 913 1042 984 gestumque
1072 920 1283 960 manus
1315 897 1543 980 Ceycis
1584 895 1903 958 habebant.
2124 895 2251 954 310

364 1004 649 1090 [Ingemit
676 1004 993 1088 Halcyone
1023 1004 1378 1086 lacrymans,
1409 1016 1709 1084 motatque
1741 1000 1994 1061 lacertos
2251 981 2263 994 ⁶

273 1108 396 1172 Per
425 1132 742 1173 somnumt
785 1128 1120 1192 corpusque
1150 1122 1362 1190 petens
1392 1106 1760 1189 amplectitur
1790 1125 1968 1167 auras
1998 1126 2014 1164 ε

272 1213 740 1297 Exclamatque,
773 1221 789 1250 ‘
814 1211 1024 1274 Mane.
1113 1211 1258 1286 Quo
1289 1225 1349 1274 te
1380 1209 1588 1296 rapis?
1634 1209 1845 1273 ibimus
1876 1206 2090 1301 unass]

273 1316 460 1383 Voce
495 1320 605 1396 sui,
635 1314 958 1403 specieque
989 1318 1114 1396 viri,
1146 1319 1379 1382 turbata
1413 1338 1689 1401 soporem

272 1423 525 1488 Excutit
552 1448 567 1487 ε
611 1440 672 1488 et
697 1422 890 1509 primo
923 1424 971 1487 si
1002 1424 1073 1488 sit
1101 1425 1500 1509 circumspicit
1526 1422 1665 1500 illic,
2120 1423 2247 1483 315

272 1530 398 1604 Qui
427 1532 611 1594 modo
640 1532 799 1595 visus
830 1544 981 1593 erat.
1069 1531 1134 1594 N
1135 1553 1231 1594 am
1263 1531 1409 1594 moti
1445 1551 1595 1593 voce
1626 1528 1873 1592 ministri

271 1635 598 1700 Intulerant
624 1636 848 1699 lumen.
938 1636 1269 1719 Postquam
1297 1659 1419 1698 non
1450 1635 1668 1697 invenit
1694 1655 1946 1717 usquam
1971 1655 1990 1711 ;

270 1739 538 1805 Percutit
565 1763 670 1803 ora
699 1763 880 1804 manu
908 1764 924 1801 ε
968 1743 1265 1823 laniatque
1298 1763 1337 1802 a
1363 1754 1607 1823 pectore
1638 1753 1836 1800 vestes
1860 1759 1876 1798 z

267 1845 650 1929 Pectoraque
679 1847 810 1929 ipsa
838 1844 991 1908 serit.
1082 1844 1222 1908 Nec
1252 1845 1480 1905 crinem
1510 1843 1740 1905 solvere
1777 1855 1989 1920 curat3

268 1950 507 2014 Scindit
533 1972 549 2010 ε
595 1964 655 2011 et
684 1949 890 2026 altrici,
924 1969 1052 2032 quae
1082 1946 1276 2010 luctfis
1306 1969 1509 2024 causa,
1539 1947 1785 2030 roganti,
2122 1947 2250 2007 320

270 2064 286 2093 ‘
309 2054 497 2120 Nulla
526 2069 618 2118 est
648 2053 987 2139 Halcyone,
1017 2054 1176 2118 nulla
1207 2053 1338 2132 est‚’
1369 2052 1490 2134 ait3
1537 2060 1554 2090 ‘
1577 2052 1797 2118 occidit
1825 2052 1945 2116 una
2002 2139 2003 2142 Ἴ

271 2161 433 2225 Cum
467 2160 680 2244 Ceyce
712 2184 842 2225 suo.
936 2160 1199 2224 Solantia
1228 2162 1411 2224 tollite
1449 2145 1652 2224 verba.

271 2266 608 2350 Naufragus
636 2267 867 2331 interiit.
956 2265 1118 2344 Vidi,
1152 2266 1482 2351 agnovique
1515 2290 1534 2347 3
1579 2289 1908 2354 manusque

269 2373 370 2434 Ad
399 2373 830 2449 discedentem,
861 2374 1108 2457 cupiens
1135 2373 1412 2449 retinere,
1444 2374 1688 2436 tetendi.

269 2476 501 2541 Umbra
530 2476 677 2562 fugit
703 2502 719 2540 t
764 2480 873 2542 sed
896 2493 957 2541 et
984 2479 1197 2542 umbra
1223 2492 1427 2541 tamen
1456 2478 1788 2554 manifesta,
1821 2479 2050 2561 virique
2117 2480 2242 2540 325

243 2595 246 2600 '
271 2581 432 2646 Vera
461 2584 603 2645 mei.
696 2583 842 2647 Non
872 2583 967 2645 ille
999 2582 1261 2667 quidem,
1292 2582 1342 2644 si
1373 2582 1605 2664 quaeris,
1635 2582 1896 2644 habebat

270 2688 571 2752 Adsuetos
604 2689 795 2751 vultus
821 2708 839 2749 z
882 2707 1018 2765 nec,
1052 2707 1169 2769 quo
1196 2686 1360 2771 prius
1388 2671 1515 2761 ore,
1545 2685 1786 2749 nitebat.

266 2792 622 2871 pallentem,
653 2794 1021 2876 nudumque,
1053 2806 1115 2855 et
1143 2792 1340 2855 adhuc
1369 2792 1650 2855 humente
1682 2792 1894 2877 capillo

267 2895 480 2960 Infelix
509 2898 629 2962 vidi
657 2921 673 2960 ε
720 2899 873 2962 stetit
900 2899 1018 2961 hoc
1046 2898 1395 2962 miserabilis
1423 2898 1551 2984 ipso

270 3001 441 3065 Ecce
469 3003 606 3066 loco
635 3025 650 3065 ε
676 3003 692 3034 ’

265 3117 284 3146 ‘
316 3107 456 3171 Hoc
489 3122 634 3185 erat,
664 3110 781 3172 hoc
812 3109 1009 3174 animo
1038 3110 1199 3194 quod
1230 3109 1525 3173 divinante
1553 3111 1838 3173 timebam
1864 3134 1883 3189 3

266 3211 349 3275 Et
376 3234 477 3289 ne,
508 3235 609 3275 me
640 3211 891 3297 fugiens,
921 3215 1129 3277 vento's
1159 3211 1479 3299 sequerere
1509 3214 1845 3297 rogabam?

265 3311 352 3379 At*
377 3318 544 3381 certe
573 3319 814 3397 vellem,
843 3319 1118 3403 quoniam
1149 3319 1441 3403 periturus
1471 3319 1693 3397 abibaS,

272 3422 380 3487 Me
414 3444 652 3507 quoque
683 3424 977 3513 duxisses,
1068 3411 1446 3488 Tecum'fuit
1476 3425 1636 3501 utile,
1668 3439 1867 3491 tecum

263 3528 358 3593 Ire
389 3530 556 3592 mihi.
649 3529 869 3613 Neque
899 3530 1062 3595 enim
1089 3530 1167 3593 de
1196 3529 1341 3593 vit&
1360 3545 1631 3614 tempore
1662 3533 1984 3619 quidquam
2104 3538 2228 3597 335

265 3634 409 3699 Non
439 3636 613 3700 simul
644 3635 896 3718 egissem
923 3658 939 3697 ε
983 3656 1099 3699 nec
1128 3657 1290 3699 mors
1321 3632 1577 3700 discreta
1606 3635 1827 3702 fuisset.

266 3739 330 3806 N
333 3763 449 3838 unc
482 3742 695 3807 absens
723 3761 927 3823 pereo,
947 3741 1144 3826 jactor
1171 3763 1330 3806 nunc
1358 3742 1631 3807 fluctibus
1661 3744 1871 3808 absens
1898 3765 1913 3808 z

738 3017 799 3066 et
828 3004 1049 3087 quaerit,
1082 3003 1328 3088 vestigia
1359 3005 1406 3067 si
1437 3027 1556 3088 qua
1586 3006 1896 3089 supersint.
2116 3008 2241 3069 330
2286 3055 2295 3076 f
2344 3090 2357 3096 -
