2622 4207
1046 192 1278 284 mnan
1315 223 1466 283 xw.
2143 228 2262 286 137

306 383 446 446 Nec
472 385 661 447 soceri
692 398 1009 467 scapum,
1032 404 1148 445 nec
1176 397 1254 458 te,
1287 383 1534 446 Lavinia
1563 383 1745 464 virgo,
1894 462 1897 465 Α

306 487 433 550 Sed
464 489 673 550 vicisse
701 502 907 572 petunt
933 510 948 548 t
995 489 1444 571 deponendique
1475 488 1705 570 pudore
2180 484 2265 544 60

304 591 481 654 Bella
508 607 735 674 gerunt.
826 590 1223 676 Tandemque
1256 591 1461 654 Venus
1489 591 1749 654 victricia
1777 590 1897 652 nati

302 697 492 758 Arma
518 697 681 758 videt
707 719 723 757 ε
768 696 1121 780 Turnusque
1146 697 1310 758 cadit
1335 719 1353 774 3
1426 697 1584 758 cadit
1610 696 1835 771 Ardea,
1866 692 2078 756 Turno

307 798 560 882 Sospite,
592 801 748 863 dicta
775 815 1002 883 potens.
1094 801 1298 874 Quam
1328 815 1639 884 postquam
1666 801 1951 863 barbarus
1981 799 2130 881 ignis

305 903 578 979 Abstulit,
610 917 669 966 et
694 905 897 987 tepida
923 906 1214 967 latuerunt
1242 917 1402 966 tecta
1432 902 1625 966 favilla
1649 926 1667 981 3

305 1005 603 1088 Congerie
634 1031 669 1070 e
699 1007 910 1083 media,
927 1021 1053 1069 tum
1082 1007 1339 1090 primum
1371 1006 1602 1087 cognita
1628 1027 1859 1088 praepes
2124 1035 2129 1038 ’
2175 1008 2256 1068 65

307 1108 610 1186 Subvolat,
641 1126 701 1172 et
729 1112 961 1173 cineres
987 1110 1205 1192 plausis
1240 1109 1548 1170 everberat
1578 1109 1701 1171 alis.

303 1211 389 1275 Et
418 1236 616 1288 sonus,
648 1227 708 1276 et
734 1215 977 1290 macieS,
1009 1228 1067 1276 et
1093 1214 1300 1296 pallor,
1333 1226 1394 1274 et
1429 1207 1643 1287 omnia,
1675 1226 1915 1296 captam

302 1317 460 1390 Quae
494 1319 745 1381 deceant
772 1321 999 1395 urbem,
1028 1341 1245 1381 nomen
1276 1338 1510 1402 quoque
1539 1318 1750 1380 mansit
1771 1318 1830 1379 in
1859 1317 1958 1379 issa
1998 1318 1999 1321 ’

302 1418 481 1483 Urbis
508 1445 524 1483 ε
568 1436 627 1485 et
653 1424 780 1506 ipsa
809 1424 927 1486 suis
957 1424 1321 1507 deplangitur
1351 1424 1553 1485 Ardea
1581 1423 1811 1506 pennis.

387 1524 640 1609 Jamque
672 1528 819 1591 deos
845 1549 1072 1603 omnes,
1100 1529 1409 1613 ipsamque
1446 1517 1669 1589 AEne'l'a
1695 1528 1872 1589 virtus
2176 1532 2259 1587 '70

302 1627 342 1689 J
346 1652 598 1692 unonem
626 1646 859 1694 veteres
883 1633 1047 1693 finire
1078 1635 1359 1713 coegerat
1384 1632 1500 1693 iras
1527 1655 1543 1694 ε

304 1731 486 1808 cum,
515 1734 669 1795 bene
699 1732 954 1795 fundatis
980 1735 1189 1816 opibus
1223 1735 1542 1796 crescentis
1571 1734 1701 1810 Iiili,

191 1910 204 1925 Ι
299 1837 724 1920 Tempestivus
753 1852 881 1899 erat
908 1838 1061 1900 coelo
1091 1837 1450 1919 Cythereius
1488 1839 1703 1918 heros;

299 1941 728 2024 Ambieratque
757 1939 963 2003 Venus
993 1962 1275 2023 superest
1319 1941 1588 2025 colloque
1616 1943 1875 2025 parentis

301 2043 679 2108 Circumfusa
708 2045 815 2121 sui,
850 2052 866 2081 ‘
887 2044 1207 2129 Nunquam
1236 2046 1420 2122 mihi,’
1451 2047 1699 2124 dixerat,
1733 2053 1749 2083 ‘
1772 2047 1890 2111 ullo
2173 2054 2255 2113 75

301 2149 605 2232 Tempore
638 2150 783 2212 dure
811 2164 998 2233 pater,
1027 2173 1184 2213 nunc
1215 2152 1292 2213 sis
1327 2152 1663 2216 mitissimus
1691 2174 1843 2233 or03

304 2253 628 2337 AEneaeque
659 2277 815 2330 me0‚
841 2256 938 2338 qui
967 2270 1026 2318 te
1057 2256 1134 2319 de
1157 2257 1443 2339 *sanguine
1473 2271 1672 2321 nostro

307 2358 478 2421 Fecit
507 2382 700 2436 avum,
732 2361 996 2442 quamvis
1023 2383 1294 2443 parvum,
1328 2363 1454 2438 deS,
1485 2363 1728 2444 optime,
1759 2383 1979 2425 numen
2002 2387 2023 2443 3

303 2462 646 2525 Dummodo
669 2465 776 2525 des
807 2464 1062 2546 aliquod.
1156 2464 1310 2525 Satis
1340 2479 1429 2526 est
1456 2465 1767 2527 inamabile
1797 2486 2045 2547 regnum

307 2568 664 2651 Adspexisse
697 2567 901 2642 semel,
935 2566 1169 2647 Stygios
1192 2568 1378 2628 semel
1404 2566 1521 2629 isse
1549 2589 1658 2649 per
1676 2570 1921 2631 amnes-⁹
2180 2576 2262 2633 80

304 2671 641 2734 Adsensere
674 2671 770 2732 dei
798 2693 814 2731 ε
857 2691 971 2732 nec
1000 2669 1217 2753 conjux
1245 2670 1408 2751 regia
1427 2671 1615 2734 vultus

303 2775 587 2838 Immotos
616 2776 819 2851 tenuit,
849 2775 1199 2858 placatoque
1230 2775 1428 2837 annuit
1447 2797 1572 2838 ore.

303 2879 472 2942 Tum
504 2895 689 2964 pater,
721 2887 738 2917 ‘
763 2879 965 2955 Estis‚’
996 2881 1092 2956 ait,
1125 2887 1141 2916 ‘
1166 2882 1391 2944 coelesti
1418 2902 1665 2945 munere
1695 2882 1872 2967 digni,

301 2984 574 3068 Quaeque
602 2971 769 3067 petis,
799 3007 906 3068 pro
938 3006 1167 3067 quoque
1188 2987 1379 3068 petis:
1423 3009 1592 3069 cape,
1633 3003 1788 3064 nata,
1822 2990 1980 3072 quod
2013 2995 2223 3075 optas?

385 3089 572 3152 Fatus
602 3102 745 3152 erat.
812 3089 1069 3164 Gaudet,
1098 3083 1407 3170 gratesque
1438 3091 1554 3170 agit
1581 3091 1676 3152 illa
1704 3094 1927 3175 parenti
1955 3116 1969 3154 ε
2170 3101 2250 3159 85

301 3195 541 3277 Perque
570 3195 732 3256 leves
762 3216 931 3256 auras
950 3193 1166 3278 junctis
1195 3193 1427 3256 invecta
1458 3193 1742 3256 columbis

303 3299 640 3374 Littushadit
668 3298 939 3360 Laurens
964 3319 982 3375 3
1025 3297 1123 3358 ubi
1152 3309 1341 3359 tectus
1371 3296 1652 3358 arundine
1692 3301 1870 3382 serpit

249 3461 260 3466 ,
301 3402 369 3465 In
400 3402 548 3465 freta
578 3402 866 3465 flumineis
894 3401 1086 3464 vicina
1113 3401 1426 3462 Numicius
1456 3401 1646 3463 undis.

304 3506 483 3570 Hunc
504 3508 676 3592 jubet
706 3506 933 3582 AEneae‚
966 3525 1327 3588 quaecunque
1366 3504 1620 3567 obnoxia
1648 3509 1836 3585 morti,

302 3613 560 3675 Abluere
587 3634 606 3689 3
652 3624 711 3673 et
737 3610 911 3672 tacito
942 3607 1171 3672 deferre
1202 3608 1307 3671 sub
1338 3627 1569 3688 aequora
1598 3631 1791 3674 cursu.
2169 3617 2251 3675 90

817 3712 936 3773 12*
