2622 4207
301 316 345 373 2
886 296 1641 360 METAMORPHOSEON

304 465 408 529 Sic
441 479 569 529 erat
595 463 872 529 instabilis
899 462 1090 537 tellus,
1121 460 1388 523 irmabilis
1415 458 1598 535 unda,

299 567 488 632 Lucis
517 589 700 653 egens
730 568 832 628 aer
858 586 874 626 t
917 564 1059 626 nulli
1088 585 1195 627 sua
1223 561 1415 626 forma
1442 562 1741 625 manebat.

300 670 710 755 Obstabatque
741 668 866 731 aliis
896 666 1052 730 aliud
1079 690 1095 728 ε
1142 667 1280 751 quia
1307 687 1557 751 corpore
1590 665 1648 728 in
1678 684 1796 727 uno

210 798 217 807 ·
300 772 546 858 Frigida
574 771 914 857 pugnabant
942 769 1167 846 calidis,
1195 769 1501 832 humentia
1530 768 1722 844 sicciS,

297 874 506 939 Mollia
535 896 675 939 cum
706 873 884 950 duris,
916 873 1039 936 sine
1068 871 1335 956 pondere
1365 870 1644 935 habentia
1672 868 1924 963 pondus.

258 1054 259 1057 Ἴ
386 975 566 1041 Hanc
595 976 772 1043 Deus
801 989 863 1039 et
889 975 1097 1039 melior
1124 976 1288 1039 litem
1319 974 1553 1039 Natura
1581 973 1852 1037 diremit:

305 1078 473 1146 Nam
501 1079 659 1143 coelo
687 1092 895 1156 terras,
926 1092 989 1142 et
1013 1078 1183 1142 terris
1213 1077 1463 1142 abscidit
1487 1076 1699 1153 undas,

301 1180 390 1246 Et
415 1181 703 1266 liquidum
732 1182 919 1266 spisso
950 1181 1205 1245 secrevit
1233 1181 1307 1244 ab
1341 1183 1480 1244 aere
1510 1180 1753 1244 coelum.

300 1282 457 1360 Quae
480 1298 794 1369 postquam
825 1282 1056 1359 evolvit,
1088 1304 1372 1368 caecoque
1404 1283 1628 1346 exemit
1658 1300 1896 1355 acervo,

298 1388 635 1454 Dissociata
661 1388 808 1451 locis
837 1387 1117 1451 concordi
1148 1407 1300 1470 pace
1325 1387 1547 1470 ligavit.

300 1493 485 1578 Ignea
513 1493 767 1557 convexi
796 1493 883 1556 vis
913 1506 974 1556 et
1002 1492 1126 1554 sine
1156 1491 1424 1576 pondere
1455 1491 1592 1555 coeli

305 1594 593 1673 Emicuit,
624 1593 975 1679 summaque
1003 1595 1202 1658 locum
1234 1594 1342 1658 sibi
1370 1594 1512 1678 legit
1540 1595 1600 1657 in
1630 1615 1789 1659 arce.

301 1696 626 1762 Proximus
655 1710 744 1761 est
772 1701 875 1761 ae‘r
904 1698 982 1760 illi
1010 1697 1266 1774 levitate,
1296 1698 1551 1782 locoque
1576 1720 1592 1760 ε

308 1802 572 1868 Densior
599 1803 690 1867 his
718 1803 933 1867 tellus:
980 1803 1399 1888 elementaque
1427 1804 1880 1889 grandia-traxit
1903 1822 1930 1883 3-
1963 1830 1966 1833 ·

303 1907 391 1972 Et
417 1929 624 1993 pressa
651 1922 741 1972 est
769 1909 1050 1993 gravitate
1082 1911 1191 1974 sui.
1283 1908 1695 1975 Circumfluus
1722 1911 1935 1974 humor

304 2010 527 2075 Ultima
557 2013 838 2096 possedit,
870 2014 1243 2097 solidumque
1275 2016 1541 2077 coercuit
1566 2017 1795 2077 orbem.

393 2116 497 2180 Sic
527 2117 628 2181 ubi
659 2117 1019 2201 dispositam,
1051 2117 1313 2202 quisquis
1337 2115 1449 2181 suit
1475 2119 1572 2182 ille
1602 2120 1873 2196 deorum,

307 2217 671 2305 Congeriem
700 2219 907 2296 secuit,
938 2233 1282 2303 sectamque
1313 2220 1371 2281 in
1400 2221 1671 2283 membra
1699 2221 1965 2305 redegit3

303 2320 610 2406 Principio
637 2333 877 2397 terram,
907 2342 984 2384 ne
1010 2343 1134 2385 non
1163 2322 1406 2405 aequalis
1433 2323 1507 2385 ab
1537 2323 1698 2386 omni

306 2424 489 2490 Parte
518 2425 687 2503 foret,
717 2426 918 2510 magni
947 2426 1211 2511 speciem
1240 2427 1588 2510 glomeravit
1614 2428 1673 2491 in
1702 2428 1879 2493 orbis.

305 2527 474 2591 Tum
503 2525 653 2592 freta
683 2528 949 2605 diffiandi,
981 2529 1319 2613 rabidisque
1348 2542 1685 2597 tumescere
1713 2531 1903 2595 ventis

306 2629 508 2709 Jussit,
540 2645 603 2696 et
631 2631 861 2695 ambitae
880 2623 1484 2698 eircumdare¹littora
1510 2647 1702 2698 terroe.

311 2733 563 2797 Addidit
591 2746 650 2796 et
678 2732 888 2809 fonteS,
919 2734 1330 2815 immensaque
1361 2748 1584 2816 stagna,
1614 2736 1898 2818 lacusque
1924 2757 1944 2813 ;

309 2833 706 2918 Fluminaque
736 2834 985 2918 obliquis
1010 2833 1197 2897 cinxit
1225 2834 1478 2902 declivia
1506 2835 1645 2919 ripis
1663 2857 1683 2898 t

309 2934 475 3012 Quae,
499 2935 731 2998 diversa
757 2935 904 2999 locis
930 2935 1140 3020 partim
1171 2936 1480 2999 sorbentur
1511 2938 1584 3000 ab
1613 2937 1787 3022 ipsa3

307 3037 380 3103 Iu
408 3058 575 3100 mare
604 3037 952 3121 perveniunt
979 3037 1212 3121 partim,
1243 3059 1582 3124 campoque
1610 3055 1852 3126 recepta

309 3139 635 3204 Liberioris
665 3159 852 3225 aquae,
881 3140 1159 3224 proripis
1187 3141 1379 3205 littora
1406 3143 1661 3227 pulsant.

309 3239 350 3306 J
354 3241 493 3306 ussit
521 3254 582 3304 et
610 3240 852 3304 extendi
879 3262 1147 3326 campm,
1176 3243 1481 3307 subsidere
1511 3246 1714 3324 valleS,

313 3344 556 3409 Fronde
584 3346 703 3429 tegi
734 3346 924 3423 silvas,
954 3346 1252 3432 lapidosos
1274 3371 1521 3433 surgere
1551 3367 1804 3419 montes.
1897 3407 1898 3410 ,

311 3446 516 3532 thue
548 3448 677 3512 duae
709 3448 924 3514 dextra
952 3451 1193 3529 coelum,
1223 3445 1590 3538 totidemque
1620 3455 1852 3521 sinistra

310 3552 492 3617 Parte
524 3565 727 3618 secant
756 3574 939 3632 zonae,
971 3555 1170 3640 quinta
1196 3571 1289 3623 est
1319 3558 1615 3624 ardentior
1643 3561 1751 3626 fflis
1774 3582 1796 3643 3

315 3656 417 3721 Sic
447 3678 596 3722 onus
626 3657 917 3723 inclusum
945 3681 1194 3726 numero
1222 3662 1485 3728 distinxit
1506 3664 1732 3729 -eodem

2169 869 2256 928 20

2172 1388 2255 1447 25

2176 1910 2262 1970 80

2180 2434 2261 2493 35

2180 2947 2265 3006 40

2182 3462 2266 3522 45
