2622 4207
401 289 521 346 154
1260 277 1667 331 rmnomsss.

390 440 588 521 Atque
622 437 824 520 aliquis
854 436 1042 519 posita
1073 449 1353 497 monstrat
1383 433 1509 496 fera
1540 432 1735 516 praelia
1767 430 1975 492 mensa
1999 453 2017 506 3

477 543 675 625 Pingit
698 558 757 605 et
787 544 1002 623 exiguo
1035 540 1334 621 Pergama
1364 553 1485 601 tota
1514 560 1702 601 mero.

391 657 405 683 ‘
435 648 574 710 Hac
603 649 720 709 ibat
754 647 991 720 Simoi'S,
1044 644 1140 707 hic
1172 660 1261 706 est
1294 645 1499 727 Sigeia
1542 643 1751 718 tellus;

423 800 431 823 Ι
478 753 600 816 Hic
631 765 869 814 steterat
899 750 1121 812 Priami
1151 751 1313 832 regia
1344 751 1503 811 celsa
1535 748 1709 810 senis.

386 858 513 920 Illic
541 857 846 930 AEacides,
879 854 992 916 illic
1024 855 1303 916 tendebat
1332 853 1584 936 Ulysses
1612 875 1627 912 t

472 962 594 1025 Hic
624 963 784 1023 lacer
815 960 1103 1022 admissos
1131 960 1336 1021 terruit
1368 958 1599 1021 Hector
1629 957 1860 1040 equos.’

387 1068 608 1129 Omnia
638 1088 895 1148 namque
924 1080 1024 1125 tuo
1055 1065 1268 1137 senior,
1298 1078 1357 1125 te
1390 1085 1655 1146 quaerere
1688 1064 1888 1137 mi550‚

474 1173 786 1234 Retulerat
815 1174 950 1232 nato
982 1170 1202 1231 Nestor
1230 1191 1245 1228 ε
1278 1183 1337 1230 at
1367 1169 1460 1230 ille
1503 1169 1664 1230 mihi.

365 1271 613 1340 “Retulit
643 1292 702 1339 et
731 1275 884 1338 serro
907 1276 1309 1356 Rhesumque
1344 1275 1698 1355 Dolonaque
1731 1294 1936 1348 caesoS,

473 1381 673 1463 thue
705 1382 774 1442 sit
805 1382 900 1441 hic
932 1401 1139 1440 somno
1168 1379 1453 1460 proditus,
1484 1380 1578 1439 ille
1611 1379 1770 1439 dolo.

382 1486 583 1548 Ausus
614 1508 699 1561 eS,
730 1508 767 1546 o
797 1484 1043 1547 nimium
1072 1483 1438 1564 nimiumque
1468 1483 1644 1544 oblite
1675 1497 1930 1557 tuorum,

469 1590 732 1653 Thracia
761 1605 1047 1653 nocturno
1077 1604 1318 1672 tangere
1350 1603 1543 1651 castra
1573 1589 1748 1666 dolo;

382 1694 623 1777 Totque
655 1697 824 1757 simul
856 1711 1115 1759 mactare
1145 1697 1320 1770 virOS,
1353 1694 1584 1779 adjutus
1616 1697 1690 1757 ab
1733 1716 1873 1755 uno·

470 1801 554 1862 At
581 1802 734 1863 bene
766 1816 975 1863 cautus
1007 1823 1161 1878 eras,
1194 1817 1253 1863 et
1282 1822 1516 1863 memor
1548 1800 1681 1863 ante
1714 1800 1854 1861 mei.

382 1903 590 1988 Usque
623 1920 784 1967 metu
815 1907 1077 1968 micuere
1114 1907 1272 1970 sinus
1298 1930 1316 1981 ;
1347 1907 1499 1968 dutn‘
1519 1906 1702 1969 victor
1748 1903 2006 1969 amicum

468 2010 683 2072 Dictus
715 2033 780 2072 es
811 2011 1066 2073 Ismariis
1095 2010 1211 2073 isse
1243 2033 1352 2093 per
1383 2032 1594 2092 agmen
1621 2011 1807 2092 equis.

384 2113 510 2176 Sed
542 2115 680 2175 mihi
714 2114 854 2197 quid
884 2115 1360 2197 prodest'vestris
1391 2115 1634 2198 disjecta
1663 2115 1898 2177 lacertis

466 2216 653 2277 Ilios?
688 2231 766 2291 et,
799 2239 1001 2279 murus
1031 2220 1192 2300 quod
1221 2217 1328 2280 suit
1355 2220 1512 2292 ante,
1545 2219 1736 2280 solum
1760 2219 1787 2279 ?

383 2319 449 2382 Si
480 2341 712 2395 mane0‚
745 2321 932 2402 qualis
960 2321 1150 2405 Troja.
1179 2324 1426 2385 durante
1467 2323 1780 2384 manebam
1809 2345 1826 2400 ;

466 2422 691 2507 Virque
723 2425 881 2501 mihi,
916 2426 1156 2510 dempto
1186 2428 1302 2490 fine
1332 2428 1645 2503 carenduS,
1678 2427 1869 2490 abes?

379 2528 591 2591 Diruta
621 2543 756 2592 sunt
785 2531 928 2608 aliis,
959 2532 1058 2594 uni
1089 2533 1231 2595 mihi
1263 2533 1561 2616 Pergama
1590 2547 1812 2596 restant
1835 2556 1854 2611 ;

466 2635 668 2698 Incola
696 2637 927 2720 captivo
959 2660 1087 2721 quae
1119 2639 1269 2701 bove
1300 2640 1484 2701 victor
1508 2654 1652 2703 arat.

379 2740 517 2802 Jaln
566 2763 738 2823 seges
768 2756 858 2804 est
885 2744 983 2804 ubi
1013 2743 1201 2826 Troja
1229 2743 1353 2818 suit,
1406 2744 1854 2827 resecandaque
1887 2743 2038 2808 falce

466 2845 760 2907 Luxuriat
789 2845 1053 2926 Phrygio
1082 2848 1364 2928 sanguine
1394 2848 1624 2929 pinguis
1645 2847 1883 2912 humus.

382 2949 777 3030 Semisepulta
806 2948 993 3009 virfim
1022 2951 1214 3011 curvis
1243 2949 1528 3013 feriuntur
1559 2954 1762 3016 aratris

467 3053 622 3115 Ossa
648 3076 663 3113 ε
693 3053 955 3115 ruinosas
985 3054 1200 3117 occulit
1229 3056 1413 3119 herba
1444 3058 1672 3122 domos.

376 3157 585 3220 Victor
616 3159 757 3221 abes
781 3182 799 3237 3
828 3180 942 3221 nec
973 3159 1124 3222 scire
1154 3162 1317 3238 mihi,
1351 3184 1478 3245 quae
1510 3187 1692 3228 causa
1722 3168 2012 3243 morandi,

465 3264 589 3323 Aut
617 3263 675 3323 in
707 3286 824 3346 quo
853 3264 1035 3328 lateas
1065 3263 1292 3329 ferreus
1336 3269 1500 3343 orbe,
1531 3269 1690 3331 licet.

378 3365 661 3449 Quisquis
691 3368 767 3430 ad
798 3369 925 3432 haec
956 3371 1125 3433 vertit
1153 3372 1528 3454 peregrinam
1559 3375 1748 3437 littora
1780 3377 2044 3461 puppim,

466 3471 572 3533 Ille
614 3473 754 3533 mihi
787 3474 861 3535 de
892 3489 949 3537 te
982 3478 1162 3538 multa
1192 3491 1431 3560 rogatus
1463 3479 1600 3540 abit.

380 3576 703 3659 Quamque
733 3578 834 3639 tibi
864 3579 1092 3656 reddat,
1124 3582 1170 3642 si
1202 3594 1259 3643 te
1289 3582 1471 3644 modo
1502 3584 1711 3647 viderit
1738 3609 2009 3672 usquam,

468 3680 751 3745 Traditur
779 3682 915 3745 huic
947 3684 1135 3765 digitis
1165 3687 1370 3749 charta
1400 3702 1596 3752 notata
1623 3693 1792 3755 meis.

2275 960 2353 1016 30

2263 1488 2338 1543 35

2266 1992 2345 2072 4ο

2261 2543 2338 2600 45

2258 3071 2337 3125 50

2253 3595 2329 3651 55
