2622 4207
1100 268 1334 360 me't
1368 304 1468 359 w.
2129 290 2134 294 ’
2219 302 2302 360 w

327 460 447 528 Cui
477 463 556 528 sis
584 477 769 548 nupta
796 463 956 540 vide,
986 462 1298 527 Pandione
1329 475 1490 548 nata,
1518 458 1752 522 maritos
2174 455 2296 517 180

329 568 685 654 Degeneras
711 592 727 632 x
773 571 970 634 scelus
997 583 1087 634 est
1113 570 1302 655 pietas
1331 569 1392 632 in
1420 566 1674 652 conjuge
1704 561 1957 645 Tereo.{

323 674 388 739 N
388 696 460 739 ec
489 697 700 755 mora3
744 676 924 739 traxit
951 675 1104 761 Ityn,
1134 675 1315 739 veluti
1347 672 1679 757 Gangetica
1708 689 1900 734 cervae

274 803 278 815 ¹
318 779 679 845 Lactentem
712 780 921 845 soetum
949 804 1060 867 per
1089 783 1263 871 silvas
1290 781 1453 865 tigris
1480 800 1722 864 opacas.

313 884 518 971 thue
551 887 768 953 domus
798 889 925 952 altae
954 903 1187 974 partem
1210 887 1457 953 tenuere
1488 898 1779 949 remotam
1804 906 1824 963 3

315 990 816 1078 Tendentemque
845 1017 1078 1073 manus,
1109 1009 1170 1059 et
1188 995 1320 1080 jam
1349 1015 1458 1057 sua
1485 990 1605 1055 fata
1633 990 1953 1064 videntem,
2161 987 2281 1049 185

318 1103 335 1135 ‘
354 1096 513 1175 Eia,’
545 1115 608 1162 et
624 1099 778 1184 jam,
812 1100 1074 1176 ‘mater,'
1105 1101 1487 1172 clamantem,
1519 1110 1580 1159 et
1600 1094 1756 1158 colla
1786 1103 2094 1177 petentem

315 1199 480 1267 Ense
514 1201 645 1267 ferit
674 1203 935 1292 Procne,
965 1204 1131 1267 lateri
1162 1205 1280 1288 qua
1306 1215 1521 1288 pectus
1550 1200 1855 1264 adhaeret:

312 1306 377 1371 N
378 1329 449 1371 ec
477 1309 703 1372 vultum
735 1310 960 1374 avertit.
1055 1309 1212 1375 Satis
1239 1310 1319 1374 illi
1350 1309 1428 1373 ad
1458 1307 1579 1372 fata
1607 1306 1703 1370 vel
1728 1326 1917 1399 'unum

310 1410 538 1479 Vulnus
566 1429 738 1496 erat3
772 1415 1047 1501 jugulum
1078 1416 1235 1481 ferro
1263 1415 1602 1481 Philomela
1627 1412 1886 1478 resolvit.

307 1515 576 1604 Vivaque
610 1522 828 1600 adhuc,
860 1524 1187 1608 animaeque
1218 1522 1437 1607 aliquid
1467 1520 1778 1586 retinentia
1804 1516 2079 1582 membra
2148 1510 2272 1579 190

306 1621 627 1690 Dilaniant.
717 1628 872 1692 Pars
899 1629 1040 1692 inde
1069 1628 1233 1692 cavis
1260 1627 1518 1691 exsultat
1546 1626 1748 1689 aenis:

303 1726 458 1795 Pars
487 1734 749 1795 verubus
778 1732 984 1795 stridet
1008 1755 1025 1793 ε
1068 1746 1313 1794 manant
1339 1730 1665 1815 penetralia
1696 1728 1858 1792 tabo.

299 1833 419 1900 His
450 1837 695 1899 adhibet
722 1835 943 1925 conjux
969 1836 1239 1918 ignarum
1266 1833 1474 1898 Terea
1503 1833 1724 1895 mensis
1750 1853 1767 1892 z

296 1939 389 2004 Et
406 1941 582 2024 patrii
610 1940 790 2004 moris
819 1962 1057 2005 sacrum
1084 1941 1347 2017 mentita,
1379 1938 1538 2024 quod
1561 1938 1661 2002 uni

293 2044 419 2112 Fas
450 2046 526 2111 sit
553 2046 720 2111 adire
750 2047 896 2124 viro,
926 2046 1177 2110 comites
1200 2044 1568 2130 famulosque
1598 2042 1868 2109 removit.
2136 2045 2258 2109 195

294 2152 464 2230 Inde,
495 2153 715 2217 sedens
743 2153 907 2230 solio,
941 2152 1199 2230 Tereus,
1231 2148 1493 2217 sublimis
1523 2153 1697 2229 avito,

291 2255 612 2323 Vescitur:
656 2260 834 2344 inque
864 2281 1035 2324 suam
1066 2281 1173 2323 sua
1202 2259 1432 2323 viscera
1460 2258 1727 2344 congerit
1755 2257 1972 2323 alvum.

289 2363 604 2450 Tantaque
632 2389 755 2431 nox
777 2367 956 2431 animi
986 2381 1098 2443 est,
1130 2365 1302 2451 ‘Ityn
1333 2368 1451 2429 huc
1483 2366 1802 2443 arcessite,'
1833 2367 2001 2431 dixit.

290 2469 678 2562 Dissimulare
706 2473 912 2557 nequit
937 2460 1205 2536 crudelia
1232 2472 1450 2555 gaudia
1478 2470 1718 2535 Procne
1743 2493 1763 2550 ;

285 2576 543 2662 Jamque
575 2602 693 2642 suae
724 2578 972 2661 cupiens
1001 2577 1287 2640 exsistere
1310 2576 1513 2638 nuntia
1540 2576 1726 2638 cladis
1749 2598 1769 2654 3
2119 2581 2250 2640 200

289 2690 307 2721 ‘
324 2682 490 2748 Intus
518 2686 726 2762 habes,
758 2684 919 2769 quod
947 2682 1187 2767 posciS,’
1218 2682 1316 2745 ait.
1410 2679 1833 2770 Circumspicit
1863 2682 1981 2760 ille,

283 2790 482 2874 Atque
515 2792 614 2854 ubi
644 2792 716 2855 sit
737 2791 960 2875 quaerit.
1051 2788 1380 2866 Quaerenti,
1410 2789 1741 2875 iterumque
1771 2790 2023 2869 vocanti,

284 2892 455 2956 Sicut
484 2908 611 2957 erat
639 2894 854 2977 sparsis
882 2893 1069 2957 furiali
1099 2893 1264 2957 caede
1305 2892 1547 2977 capillis,

281 2993 559 3072 Prosiliit,
588 2996 865 3080 Ityosque
894 3011 1074 3082 caput
1100 2995 1434 3059 Philomela
1463 3011 1772 3061 cruentum

279 3099 444 3165 Misit
462 3103 523 3165 in
551 3124 656 3166 ora
683 3103 863 3187 patris
888 3126 904 3165 ε
948 3124 1065 3166 nec
1093 3117 1361 3187 tempore
1381 3103 1597 3165 *maluit
1624 3104 1744 3166 ullo
2104 3108 2233 3172 205

277 3203 468 3270 Posse
499 3207 681 3291 loqui,
709 3222 772 3271 et
799 3208 1022 3278 meritis
1050 3207 1247 3272 testari
1276 3207 1496 3291 gaudia
1524 3207 1713 3270 dictis.

359 3312 660 3379 Thracius
687 3315 905 3399 ingenti
934 3335 1167 3378 mensas
1195 3314 1458 3388 clamore
1488 3313 1737 3396 repellit,

274 3420 836 3506 Vipereas'queciet
865 3420 1073 3505 Stygia
1102 3421 1177 3483 de
1207 3420 1360 3483 valle
1392 3430 1659 3483 sorores:

273 3525 356 3591 Et
382 3526 590 3604 modo,
620 3527 669 3591 si
696 3528 900 3612 possit,
927 3540 1191 3591 reserato
1217 3539 1461 3609 pectore
1493 3525 1648 3589 diras
1721 3608 1725 3613 ι

274 3632 544 3718 Egerere
575 3632 715 3696 inde
746 3634 950 3718 dapes,
984 3633 1378 3715 demersaque
1408 3632 1636 3695 viscera
1663 3637 1877 3719 gestit:
2095 3639 2224 3698 210

274 3737 408 3806 Flet
435 3738 643 3816 modo,
674 3760 858 3823 seque
887 3751 1064 3803 vocat
1090 3739 1329 3802 bustum
1355 3738 1687 3803 miserabile
1717 3742 1876 3803 nati:

779 3843 865 3905 7*
